2625 3867
169 209 232 266 Vll
250 228 265 264 2
270 203 302 286 5]
490 208 558 265 DE
586 206 867 267 SENECTUTE.
1133 222 1169 279 37

168 336 374 409 meminerunt,
383 335 555 396 vadimonia
565 334 734 407 constituta,
745 334 811 410 quis
825 333 889 407 sibi,
900 332 948 392 cui
962 331 1018 409 ipsi
1033 332 1169 391 debeant.

169 433 249 508 Quid
271 432 340 493 iuris
360 434 496 506 consulti,
512 434 585 511 quid
603 433 768 511 pontifices,
784 432 857 510 quid
874 451 1006 509 augures
1022 429 1095 507 quid
1109 428 1171 507 phi·
1186 430 1224 519 22

96 523 97 526 '
167 530 285 607 losophi
299 533 408 591 senes?
443 532 542 606 Quam
556 531 649 589 multa
663 528 874 589 meminerunt!
905 530 1033 587 Manent
1054 526 1173 603 ingenia

167 627 294 700 senibus,
318 628 410 687 modo
433 637 606 703 permaneat
629 624 762 686 studium
784 635 814 685 et
837 623 990 694 industria,
1019 642 1116 699 neque
1137 642 1173 684 ea

142 725 264 791 ssolum
285 723 369 783 claris
397 734 428 783 et
456 722 608 783 honoratis
629 721 707 796 viriS,
732 723 786 783 sed
816 721 848 781 in
869 721 930 781 vita
951 720 1174 798 etiam-privata

168 829 197 879 et
221 819 328 895 quieta.
372 820 536 895 Sophocles
558 820 598 879 ad
622 836 770 877 summam
795 828 979 878 senectutem
1006 816 1173 893 tragoedias

166 915 250 991 secit3
272 917 353 993 quod
375 926 496 993 propter
514 914 645 975 studium
666 934 735 974 cum
754 933 817 974 rem
831 916 985 991 neglegere
999 913 1172 973 familiarem

167 1011 324 1085 videretur,
333 1031 352 1070 a
365 1010 430 1070 filiis
444 1010 475 1070 in
489 1010 631 1070 iudicium
645 1020 769 1071 vocatus
779 1021 832 1083 est,
842 1021 883 1083 ut,
893 1028 981 1087 quem
995 1010 1034 1069 ad
1048 1010 1171 1069 modum

168 1119 269 1168 nostro
292 1127 373 1167 more
396 1110 473 1168 male
493 1127 556 1167 rem
579 1107 750 1185 gerentibus
772 1106 903 1184 patribus
927 1106 1015 1167 bonis
1037 1103 1172 1167 interdici

107 1237 109 1241 ·
129 1234 153 1261 ιο
167 1204 251 1275 solet,
267 1202 309 1262 sic
323 1201 407 1262 illum
422 1200 506 1278 quasi
521 1202 718 1279 desipientem
740 1221 759 1261 a
778 1221 810 1261 re
832 1201 967 1261 familiari
986 1211 1171 1263 removerent

168 1295 288 1357 iudices.
331 1297 410 1355 Tum
426 1315 516 1356 senex
530 1296 637 1356 dicitur
650 1316 717 1357 eam
736 1298 867 1356 fabulam
882 1316 972 1374 quam
990 1298 1020 1356 in
1035 1297 1171 1357 manibus

108 1347 144 1417 7
166 1393 298 1452 habebat
326 1404 355 1452 et
379 1393 512 1470 proxime
541 1392 704 1469 scripserat,
725 1394 875 1471 Oedipum
901 1397 1078 1469 Coloneum,
1098 1394 1171 1454 reci-

103 1520 105 1525 ·
167 1498 245 1548 tasse
265 1486 412 1547 iudicibus
431 1487 642 1566 quaesisseque
668 1510 740 1549 num
758 1490 831 1550 illud
853 1511 974 1552 carmen
998 1490 1171 1569 desipientis

167 1582 321 1657 videretur,
356 1599 417 1657 quo
445 1583 569 1643 recitato
600 1584 754 1645 sententiis
784 1586 917 1646 iudicum
948 1598 992 1647 est
1021 1587 1167 1648 liberatus.

128 1708 151 1745 15
165 1680 247 1737 Num
276 1677 363 1754 igitur
386 1680 475 1751 hunc,
501 1697 573 1737 num
602 1682 771 1741 Homerum
800 1681 971 1742 Hesiodum
996 1684 1169 1743 Simoniden
1185 1685 1224 1743 2³

167 1772 375 1846 Stesichorum,
394 1793 466 1833 num
489 1792 565 1849 quos
587 1786 657 1835 ante
680 1775 740 1835 dixi
762 1779 915 1837 Isocraten
938 1778 1077 1856 Gorgian,
1098 1798 1170 1838 num

166 1869 410 1947 philosophorum
447 1869 595 1946 principes
631 1872 818 1949 Pythagoran
854 1876 1069 1949 Democritum,
1098 1895 1169 1935 num

167 1966 322 2025 Platonem
347 1968 547 2038 Xenocraten,
577 1986 648 2024 num
681 1978 786 2043 postea
812 1970 965 2028 Zenonem
993 1970 1169 2044 Cleanthen,

164 2072 215 2121 aut
247 2081 325 2134 eum,
359 2081 448 2137 quem
483 2082 537 2122 vos
574 2062 666 2122 etiam
698 2063 813 2123 vidistis
848 2067 973 2137 Romae,
1012 2066 1170 2142 Diogenen

126 2192 150 2217 ω
164 2159 298 2220 Stoicum
312 2160 411 2236 coegit
429 2159 459 2218 in
474 2160 534 2220 suis
547 2159 653 2220 studiis
668 2159 866 2222 obmutiscere
880 2166 1035 2223 senectus?
1075 2165 1124 2222 An
1138 2163 1170 2222 in

165 2254 304 2316 omnibus
329 2255 494 2315 studiorum
522 2256 645 2333 agitatio
673 2256 751 2317 vitae
775 2258 908 2335 aequalis
930 2259 1003 2318 suit?
1042 2261 1115 2337 Age,
1137 2271 1170 2319 ut
1184 2260 1222 2318 24

164 2354 221 2414 ista
248 2354 348 2413 divina
375 2353 472 2412 studia
495 2354 676 2427 omittamus,
705 2374 828 2431 possum
856 2356 1010 2415 nominare
1035 2376 1071 2415 ex
1098 2376 1169 2434 agro

165 2451 277 2515 Sabino
291 2450 414 2511 rusticos
431 2455 594 2525 Romanos
609 2452 724 2512 vicinos
740 2464 769 2513 et
785 2453 933 2513 familiaris
952 2474 1044 2529 meos,
1061 2456 1169 2532 quibus

164 2549 337 2610 absentibus
351 2551 521 2625 ¹numquam
543 2550 602 2609 sere
625 2551 686 2609 ulla
704 2550 735 2608 in
754 2569 825 2626 agro
844 2551 956 2611 maiora
974 2570 1065 2628 opera
1084 2554 1167 2628 fiunt,

124 2664 224 2713 2511011
249 2643 390 2717 serendis,
416 2663 476 2703 non
503 2643 709 2721 percipiendis,
735 2664 798 2705 non
821 2646 987 2706 condendis
1014 2648 1164 2709 fructibus.

166 2743 357 2818 Quamquam
378 2741 409 2800 in
432 2742 497 2800 aliis
520 2742 617 2801 minus
640 2744 699 2802 hoc
721 2743 827 2803 mirum
847 2755 900 2818 est,
920 2764 1011 2805 nemo
1025 2744 1105 2805 enim
1124 2758 1169 2807 est

163 2851 225 2900 tam
244 2857 335 2898 senex
348 2838 400 2914 qui
419 2857 451 2898 se
465 2858 576 2897 annum
596 2858 657 2898 non
680 2850 765 2916 putet
785 2859 874 2916 posse
887 2841 999 2915 vivere,
1020 2842 1168 2903 sedidem

163 2936 194 2996 in
208 2935 250 2996 eis
265 2936 425 3007 elaborant,
443 2953 520 3010 quae
535 2934 631 2995 sciunt
644 2936 719 2995 nihil
732 2938 772 2996 ad
786 2956 818 2997 se
832 2937 956 2998 omnino
970 2938 1130 3015 pertinere:

349 3050 419 3107 serit
437 3049 558 3119 arbores,
580 3068 653 3124 quae
672 3049 757 3107 alteri
774 3051 861 3109 saeclo
873 3048 998 3125 prosint,
1107 3063 1237 3109 “⁴‘'

122 3195 148 3233 30
160 3172 193 3222 ut
207 3160 248 3220 ait
262 3158 372 3220 Statius
391 3169 494 3218 noster
511 3158 543 3217 in
562 3158 757 3236 Synephebis
801 3162 868 3221 Nec
881 3180 951 3221 vero
965 3160 1083 3222 dubitat
1096 3164 1168 3241 agri-
1181 3167 1220 3227 25

161 3260 236 3331 cola,
251 3256 387 3333 quamvis
400 3256 437 3315 sit
452 3274 549 3331 senex,
566 3256 719 3332 quaerenti
732 3256 781 3317 cui
794 3267 871 3317 serat
889 3260 1082 3335 respondere:
1104 3262 1167 3323 ‘dis

161 3353 385 3427 immortalibus,
401 3353 451 3430 qui
467 3373 515 3413 me
529 3374 589 3413 non
610 3354 745 3431 accipere
764 3358 856 3416 modo
877 3358 952 3417 haec
970 3377 989 3416 a
1008 3358 1167 3422 maioribus

162 3454 324 3525 voluerunt,
341 3452 394 3510 sed
409 3451 497 3509 etiam
511 3452 636 3527 posteris
651 3453 797 3527 prodere’.
