2625 3867
128 226 187 285 xv
201 224 252 306 52]
443 228 511 287 na
538 228 818 287 sannorum.
1095 246 1133 303 47
1175 297 1178 304 ,

128 357 182 417 sed
208 368 308 418 tamen
336 356 449 417 acutis?
503 357 601 433 Quam
629 356 780 432 gaudebat
808 358 893 417 Bello
927 376 983 419 suo
1018 358 1134 417 Punico

129 454 268 527 Naevius,
290 474 380 530 quam
394 455 576 514 Truculento
598 455 729 526 Plautus,
749 472 839 529 quam
859 454 1023 515 Pseudolo!
1063 453 1136 515 Vidi

128 548 217 610 etiam
231 569 333 611 senem
348 550 474 623 Livium,
489 550 628 626 quicum
642 568 695 609 sex
708 547 795 609 annis
805 559 875 610 ante
885 568 975 627 quam
983 568 1040 628 ego
1048 562 1135 611 natus

127 666 193 708 sum
221 649 351 708 fabulam
379 646 528 707 docuisset
555 647 695 707 Centone
716 645 931 723 Tuditanoque
953 647 1132 722 consulibus,

102 774 115 813 ς
127 764 221 822 usque
235 746 274 805 ad
288 745 522 805 adulescentiam
536 763 635 803 meam
650 742 793 820 processit
807 753 912 824 aetate.
947 743 1029 818 Quid
1044 745 1083 804 de
1098 747 1132 805 P.

130 842 226 902 Licini
240 841 339 904 Crassi
353 852 383 902 et
401 839 537 918 pontifici
556 850 586 900 et
600 839 694 899 civilis
713 838 784 899 iuris
799 839 899 901 studio
913 840 1018 916 loquar
1030 850 1081 900 aut
1095 842 1135 902 de

128 938 216 998 huius
235 941 268 1000 P.
284 938 429 1015 Scipionis
446 936 497 1014 qui
517 935 563 997 his
584 937 688 1013 paucis
708 936 815 996 diebus
836 937 970 1013 pontifex
989 937 1134 999 maximus

128 1037 224 1095 sactus
238 1037 300 1096 est?
321 1038 422 1112 Atque
436 1053 489 1094 eos
503 1034 610 1107 omnis,
626 1053 703 1110 quos
717 1034 956 1107 commemoravi,
971 1034 1017 1095 his
1030 1036 1134 1097 studiis

128 1132 277 1211 flagrantis
298 1151 384 1193 senes
405 1130 542 1192 vidimus.
587 1134 629 1191 M.
653 1150 723 1193 vero
745 1132 922 1208 Cethegum,
944 1151 1034 1209 quem
1054 1144 1134 1194 recte

90 1262 114 1289 ιο
127 1230 238 1291 suadae
260 1230 422 1289 medullam
447 1228 521 1289 dixit
550 1228 673 1302 EnniuS,
696 1240 809 1306 quanto
831 1228 931 1290 studio
952 1230 1080 1291 exerceri
1103 1231 1134 1291 in

129 1326 259 1387 dicendo
272 1326 447 1387 videbamus
462 1325 552 1385 etiam
567 1330 683 1386 senem!
714 1326 800 1402 Quae
810 1336 879 1386 sunt
888 1325 974 1405 igitur
981 1329 1133 1404 epularum

128 1435 178 1485 aut
192 1426 329 1484 ludorum
343 1433 394 1483 aut
415 1434 578 1483 scortorum
592 1425 760 1500 voluptates
780 1443 849 1483 cum
868 1423 914 1483 his
933 1424 1134 1501 voluptatibus

128 1523 366 1600 comparandae?
405 1524 504 1598 Atque
518 1521 592 1580 haec
611 1520 734 1597 quidem
754 1521 852 1581 studia
873 1521 1034 1595 doctrinae,
1056 1544 1133 1601 quae
1229 1571 1233 1578 .

128 1620 250 1697 quidem
278 1618 474 1697 prudentibus
495 1630 526 1679 et
549 1620 628 1679 bene
652 1617 794 1678 institutis
815 1617 923 1695 pariter
947 1638 1016 1679 cum
1037 1631 1133 1681 aetate

88 1747 112 1785 ις
126 1727 272 1791 crescunt,
288 1728 322 1777 ut
346 1717 506 1776 honestum
530 1714 603 1775 illud
623 1715 743 1775 Solonis
761 1714 807 1790 sit,
826 1716 906 1792 quod
928 1715 970 1776 ait
989 1716 1134 1777 versiculo

127 1817 268 1892 quodam,
283 1826 317 1875 ut
332 1825 402 1876 ante
420 1813 490 1886 dixi,
507 1833 662 1874 senescere
684 1832 715 1873 se
732 1815 826 1873 multa
846 1811 877 1871 in
894 1812 959 1873 dies
979 1812 1134 1875 addiscen-

127 1923 197 1987 tem,
215 1931 275 1988 qua
289 1913 441 1988 voluptate
455 1909 546 1970 animi
561 1911 643 1969 nulla
657 1921 737 1969 certe
751 1920 849 1986 potest
864 1928 929 1970 esse
943 1909 1045 1969 maior.
1135 1849 1305 1997 ff

188 2010 255 2068 XV.
298 2006 397 2067 Venio
410 2026 492 2066 nunc
505 2006 544 2065 ad
558 2007 727 2082 voluptates
740 2004 941 2082 agricolarum,
957 2004 1064 2081 quibus
1077 2024 1134 2083 ego
1149 2006 1185 2065 51

126 2102 338 2164 incredibiliter
350 2103 491 2175 delector,
507 2120 584 2177 quae
602 2120 660 2161 nec
678 2102 740 2160 ulla
758 2100 962 2178 impediuntur
980 2113 1134 2162 senectute

85 2234 111 2261 ,ο
126 2213 156 2263 et
164 2201 237 2260 mihi
245 2201 284 2261 ad
293 2200 434 2277 sapientis
443 2199 533 2259 vitam
543 2199 677 2277 proxime
688 2197 827 2259 videntur
834 2200 985 2259 accedere.
1009 2199 1148 2260 Habent'

127 2299 207 2361 enim
220 2300 365 2360 rationem
379 2318 448 2359 cum
463 2308 546 2372 terra,
562 2317 639 2375 quae
660 2316 825 2374 numquam
843 2308 959 2359 recusat
977 2296 1133 2374 imperium

127 2416 184 2457 nec
196 2416 338 2473 umquam
352 2394 416 2456 sine
429 2414 519 2455 usura
526 2394 624 2455 reddit
635 2396 718 2471 quod
728 2394 851 2472 accepit,
864 2395 918 2455 sed
927 2395 1001 2455 alias
1008 2393 1132 2469 minore,

126 2493 302 2567 plerumque
329 2488 441 2549 maiore
463 2508 532 2548 cum
559 2490 698 2563 faenore3
725 2508 908 2566 quamquam
935 2508 983 2549 me
1011 2488 1133 2565 quidem

127 2605 190 2646 non
212 2586 323 2645 fructus
347 2585 448 2657 mod0,
474 2584 527 2644 sed
552 2582 642 2644 etiam
670 2582 763 2661 ipsius
787 2594 881 2644 terrae
905 2582 949 2643 vis
971 2592 1014 2644 ac'
1029 2594 1134 2644 natura

85 2712 111 2751 ,ς
124 2683 261 2743 delectat
305 2683 391 2758 Quae
418 2699 487 2740 cum
509 2680 621 2758 gremio
646 2681 762 2742 mollito
788 2701 825 2741 ac
850 2682 973 2742 subacto
997 2701 1132 2759 sparsum

127 2796 229 2840 semen
257 2778 383 2856 excepit,
412 2777 540 2854 primum
567 2778 599 2839 id
627 2788 819 2839 occaecatum
847 2779 976 2852 cohibet,
1005 2797 1043 2840 ex
1072 2798 1133 2856 quo

126 2873 243 2936 occatio
263 2892 341 2951 quae
360 2875 420 2935 hoc
443 2872 532 2934 efficit
553 2874 708 2934 nominata
731 2886 791 2949 est3
819 2873 930 2935 deinde
953 2875 1133 2951 tepefactum

126 2991 234 3050 vapore
249 2982 279 3033 et
292 2989 465 3049 compressu
479 2989 534 3032 suo
548 2970 690 3032 diffundit
703 2982 734 3031 et
752 2970 832 3031 elicit
851 2972 1076 3032 herbescentem
1096 2990 1134 3031 ex

126 3088 165 3130 eo
186 3068 373 3141 viriditatem,
398 3086 476 3144 quae
500 3066 569 3129 nixa
590 3068 671 3130 fibris
695 3068 829 3147 stirpium
856 3068 967 3129 sensim
989 3069 1134 3131 adolescit

86 3197 112 3235 φ
124 3166 285 3241 culmoque
303 3174 403 3224 erecta
417 3162 587 3241 geniculato
604 3164 719 3243 vaginis
738 3164 797 3225 iam
812 3165 897 3243 quasi
909 3166 1077 3243 pubescens
1092 3165 1134 3225 in·

127 3260 270 3337 elutior,
292 3260 435 3338 equibus
454 3279 524 3321 cum
543 3260 670 3337 emersit,
685 3261 783 3323 fundit
801 3264 916 3341 frugem
934 3261 1008 3341 spici
1029 3261 1133 3323 ordine

126 3368 268 3418 structam
290 3368 320 3419 et
342 3367 446 3417 contra
467 3354 566 3416 avium
588 3356 738 3418 minorum
761 3376 877 3418 morsus
900 3358 1032 3418 munitur
1055 3359 1134 3419 vallo

125 3454 288 3515 aristarum.
352 3454 435 3529 Quid
455 3472 511 3531 ego
531 3451 636 3513 vitium
655 3464 737 3514 ortus
754 3463 835 3514 satus
850 3453 1035 3515 incrementa
1054 3473 1133 3516 com·
1147 3455 1185 3515 ta
