2625 3867
150 216 187 289 3⁶
501 213 617 273 curo
647 212 795 271 Maron
1040 208 1098 289 [vr
1117 211 1152 267 18

149 341 239 401 vereri
250 361 311 400 non
322 351 390 400 ante
399 342 533 400 desinam
542 332 632 415 quam
648 340 728 398 illam
742 338 886 398 exscisam
898 355 961 397 esse
973 354 1149 413 cognovero.

13 438 68 531 j
97 440 134 497 19
150 440 248 514 Quam
270 440 400 515 palmam
419 436 533 497 utinam
547 437 577 496 di
597 436 786 509 immortales,
802 435 910 511 Scipio,
926 434 980 493 tibi
994 445 1150 505 reservent,
1200 431 1205 439 ’

148 546 181 593 ut
195 533 242 593 avi
252 533 401 609 relliquias
415 551 599 610 persequare,
615 532 699 592 cuius
712 551 731 591 a
744 542 839 591 morte
853 530 955 591 tertius
964 530 1013 589 hic
1026 541 1057 591 et
1070 530 1153 589 trice·

149 631 240 691 simus
260 650 356 690 annus
373 641 424 703 est,
441 631 493 689 sed
515 628 688 690 memoriam
708 628 784 687 illius
806 627 858 687 viri
881 647 987 687 omnes
1006 628 1152 704 excipient

150 730 220 789 anni
237 739 460 805 consequentes.
503 730 594 788 Anno
611 738 682 786 ante
704 746 752 786 me
770 746 924 786 censorem
947 735 1080 785 mortuus
1098 730 1179 798 est,5

125 888 128 891 ,
151 844 259 886 novem
272 824 357 884 annis
374 834 441 900 post
455 842 556 882 meum
571 824 768 896 consulatum,
783 841 852 880 cum
866 823 969 880 consul
985 822 1090 880 iterum
1105 841 1153 880 me

151 926 273 985 consule
288 934 402 983 creatus
417 932 500 982 esset.
534 923 615 979 Num
629 919 724 997 igitur,
740 918 765 978 si
779 919 817 977 ad
831 918 1027 978 centesimum
1042 937 1152 976 annum

132 1002 134 1007 ⁵
151 1018 277 1092 vixisset,
299 1016 458 1077 senectutis
478 1035 545 1075 eum
567 1034 638 1074 suae
659 1013 840 1091 paeniteret?
881 1016 947 1073 Nec
961 1012 1041 1072 enim
1055 1031 1153 1071 excur-

152 1114 235 1175 sione
250 1133 307 1173 nec
319 1116 404 1185 saltu,
419 1132 476 1172 nec
490 1112 605 1171 eminus
623 1110 716 1170 hastis
730 1120 781 1169 aut
795 1108 962 1168 comminus
975 1108 1080 1186 gladiis
1094 1120 1155 1168 ute-

152 1219 240 1282 retur,
270 1209 323 1269 sed
351 1207 476 1268 consilio
504 1206 617 1266 ratione
646 1204 801 1278 sententia,
825 1221 902 1279 quae
927 1203 983 1262 nisi
1006 1213 1104 1263 essent
1123 1203 1153 1261 in
1170 1236 1195 1262 ιο

153 1306 280 1379 senibus,
296 1324 520 1366 nonsummum
536 1302 692 1363 consilium
707 1302 833 1361 maiores
852 1300 944 1361 nostri
957 1302 1155 1377 appellassent

100 1402 138 1459 20
153 1412 295 1461 senatum.
338 1401 429 1476 Apud
458 1397 713 1459 Lacedaemonios
735 1396 857 1473 quidem
880 1396 915 1469 ei,
940 1394 991 1472 qui
1014 1395 1156 1472 amplissi-

153 1517 235 1556 mum
263 1497 462 1574 magistratum
493 1505 604 1572 gerunt,
628 1504 661 1553 ut
684 1504 761 1565 sunt,
787 1492 828 1552 sic
851 1493 940 1551 etiam
966 1490 1157 1550 nominantur

154 1613 246 1653 senes.
292 1594 384 1667 Quod
405 1592 430 1651 si
452 1593 549 1669 legere
563 1600 614 1650 aut
633 1589 736 1650 audire
750 1588 855 1648 voletis
869 1598 997 1661 externa,
1014 1586 1156 1645 maximas

153 1709 199 1749 res
213 1690 346 1767 publicas
360 1690 398 1748 ab
409 1687 648 1749 adulescentibus
663 1687 861 1757 labefactatas,
877 1704 895 1743 a
909 1684 1031 1744 senibus
1044 1695 1157 1744 susten·
1172 1713 1195 1751 ις

154 1797 228 1846 tatas
243 1797 273 1846 et
285 1786 433 1845 restitutas
447 1784 604 1861 reperietis.

218 1933 289 1992 Cedo
301 1931 354 2007 qui
364 1939 485 1991 vestram
500 1932 711 2005 rempublicam
725 1936 836 1991 tantam
850 1930 989 1986 amisistis
1001 1935 1061 1985 tam
1075 1930 1146 1985 cito?

154 2082 196 2143 sic
214 2082 294 2142 enirn
308 2091 517 2159 percontantur
530 2080 560 2139 in
582 2079 677 2140 Naevi
696 2090 803 2156 poetae
824 2080 917 2139 Ludo.
963 2081 1156 2155 Responden-

154 2188 202 2237 tur
215 2189 245 2236 et
258 2176 315 2236 alia
328 2187 358 2236 et
375 2177 433 2235 hoc
447 2174 478 2233 in
492 2174 606 2252 primis:

267 2322 469 2396 proveniebant
486 2328 608 2379 oratores
628 2322 703 2392 noui,
724 2321 807 2378 stulti
823 2302 1027 2378 adulescentuli.
1172 2354 1197 2381 ω

154 2476 318 2535 Temeritas
343 2485 388 2534 est
412 2474 548 2533 videlicet
576 2475 708 2533 florentis
732 2474 845 2545 aetatis,
875 2474 1032 2549 prudentia
1060 2494 1155 2535 senes-

154 2572 255 2630 centis.
701 2571 704 2577 ’

102 2670 138 2724 21
215 2670 287 2727 VII.
330 2668 370 2725 At
385 2665 527 2725 memoria
541 2665 690 2726 minuitur.
734 2668 842 2740 Credo,
858 2666 914 2726 nisi
928 2686 995 2726 eam
1010 2687 1154 2743 exerceas,

154 2776 204 2823 aut
236 2764 324 2823 etiam
357 2762 381 2821 si
414 2761 453 2821 sis
485 2773 589 2821 natura
617 2762 735 2821 tardior.
777 2761 994 2821 Themistocles
1021 2764 1156 2824 omnium

154 2860 262 2919 civium
284 2869 455 2936 perceperat
477 2858 613 2931 nomina;
633 2878 705 2917 num
728 2858 815 2935 igitur
835 2858 961 2919 censetis
984 2879 1061 2934 eum,
1085 2881 1154 2922 cum
1172 2896 1196 2934 ις

155 2968 250 3017 aetate
269 2956 467 3033 processisset,
482 2956 533 3032 qui
551 2955 696 3017 Aristides
714 2968 792 3016 esset
807 2956 1016 3034 Lysimachum
1030 2962 1156 3021 salutare

155 3051 291 3111 solitum?
332 3050 480 3127 Equidem
495 3071 556 3110 non
570 3052 662 3111 modo
676 3070 729 3111 eos
744 3051 813 3110 novi
827 3050 878 3127 qui
893 3063 970 3126 sunt,
986 3055 1039 3114 sed
1053 3074 1156 3115 eorum

154 3160 250 3225 patres
265 3150 353 3210 etiam
368 3160 398 3209 et
412 3168 491 3222 avos,
507 3168 564 3209 nec
578 3151 713 3225 sepulcra
726 3151 827 3226 legens
842 3168 952 3222 vereor,
968 3153 1049 3226 quod
1064 3152 1154 3229 aiunt,

155 3264 192 3305 ne
206 3244 379 3305 memoriam
393 3245 515 3320 perdam
520 3266 530 3318 ;
551 3244 596 3305 his
610 3245 691 3304 enim
705 3245 776 3321 ipsis
790 3244 923 3321 legendis
937 3245 968 3303 in
982 3247 1156 3307 memoriam

154 3342 244 3400 redeo
280 3350 469 3399 mortuorum.
515 3343 580 3400 Nec
611 3360 682 3399 vero
710 3359 891 3415 quemquam
923 3359 1027 3399 senem
1059 3343 1157 3405 audivi
1171 3378 1197 3417 ,ο

155 3436 289 3508 oblitum,
304 3454 364 3511 quo
378 3437 446 3496 loco
460 3437 628 3496 thesaurum
642 3436 795 3495 obruisset.
838 3436 949 3497 Omnia
962 3456 1039 3513 quae
1053 3453 1157 3502 curant
