<?xml version="1.0" encoding="UTF-8"?>
<!DOCTYPE html PUBLIC "-//W3C//DTD XHTML 1.0 Transitional//EN"
    "http://www.w3.org/TR/xhtml1/DTD/xhtml1-transitional.dtd">
<html xmlns="http://www.w3.org/1999/xhtml" xml:lang="en" lang="en">
 <head>
  <title>
</title>
<meta http-equiv="Content-Type" content="text/html;charset=utf-8" />
  <meta name='ocr-system' content='tesseract 3.04.00' />
  <meta name='ocr-capabilities' content='ocr_page ocr_carea ocr_par ocr_line ocrx_word'/>
</head>
<body>
  <div class='ocr_page' id='page_1' title='image "./mtulliciceronis22cicegoog_0183.png"; bbox 0 0 2625 3867; ppageno 0'>
   <div class='ocr_carea' id='block_1_1' title="bbox 507 188 812 246">
    <p class='ocr_par' dir='ltr' id='par_1_1' title="bbox 507 188 812 246">
     <span class='ocr_line' id='line_1_1' title="bbox 507 188 812 246; baseline -0.013 0"><span class='ocrx_word' id='word_1_1' title='bbox 507 188 750 246; x_wconf 86' lang='lat' dir='ltr'><em>APPENDIX</em></span> <span class='ocrx_word' id='word_1_2' title='bbox 777 188 812 243; x_wconf 87' lang='lat' dir='ltr'>B.</span> 
     </span>
    </p>
   </div>
   <div class='ocr_carea' id='block_1_2' title="bbox 130 318 632 626">
    <p class='ocr_par' dir='ltr' id='par_1_2' title="bbox 130 318 632 626">
     <span class='ocr_line' id='line_1_2' title="bbox 131 318 632 383; baseline 0 -17"><span class='ocrx_word' id='word_1_3' title='bbox 131 319 200 382; x_wconf 89' lang='lat' dir='ltr'>quod</span> <span class='ocrx_word' id='word_1_4' title='bbox 216 319 266 367; x_wconf 88' lang='lat' dir='ltr'>iam</span> <span class='ocrx_word' id='word_1_5' title='bbox 284 318 362 383; x_wconf 90' lang='lat' dir='ltr'>pueri,</span> <span class='ocrx_word' id='word_1_6' title='bbox 375 334 432 367; x_wconf 88' lang='lat' dir='ltr'>cum</span> <span class='ocrx_word' id='word_1_7' title='bbox 448 319 508 368; x_wconf 86' lang='lat' dir='ltr'>artis</span> <span class='ocrx_word' id='word_1_8' title='bbox 524 318 632 367; x_wconf 89' lang='lat' dir='ltr'>difficilis</span> 
     </span>
     <span class='ocr_line' id='line_1_3' title="bbox 134 383 631 442; baseline 0 -11"><span class='ocrx_word' id='word_1_9' title='bbox 134 384 240 442; x_wconf 75' lang='lat' dir='ltr'>discant,</span> <span class='ocrx_word' id='word_1_10' title='bbox 256 383 291 432; x_wconf 88' lang='lat' dir='ltr'>ita</span> <span class='ocrx_word' id='word_1_11' title='bbox 306 384 419 433; x_wconf 86' lang='lat' dir='ltr'>celeriter</span> <span class='ocrx_word' id='word_1_12' title='bbox 437 399 475 432; x_wconf 87' lang='lat' dir='ltr'>res</span> <span class='ocrx_word' id='word_1_13' title='bbox 491 383 631 432; x_wconf 91' lang='lat' dir='ltr'>innumera-</span> 
     </span>
     <span class='ocr_line' id='line_1_4' title="bbox 131 447 631 511; baseline -0.002 -15"><span class='ocrx_word' id='word_1_14' title='bbox 131 448 190 496; x_wconf 92' lang='lat' dir='ltr'>bilis</span> <span class='ocrx_word' id='word_1_15' title='bbox 202 448 322 511; x_wconf 81' lang='lat' dir='ltr'>arripiant</span> <span class='ocrx_word' id='word_1_16' title='bbox 340 455 367 497; x_wconf 92' lang='lat' dir='ltr'>ut</span> <span class='ocrx_word' id='word_1_17' title='bbox 384 463 427 496; x_wconf 92' lang='lat' dir='ltr'>eos</span> <span class='ocrx_word' id='word_1_18' title='bbox 444 463 495 496; x_wconf 90' lang='lat' dir='ltr'>non</span> <span class='ocrx_word' id='word_1_19' title='bbox 512 457 565 495; x_wconf 88' lang='lat' dir='ltr'>tum</span> <span class='ocrx_word' id='word_1_20' title='bbox 582 447 631 510; x_wconf 90' lang='lat' dir='ltr'>pri·</span> 
     </span>
     <span class='ocr_line' id='line_1_5' title="bbox 130 511 631 576; baseline -0.002 -16"><span class='ocrx_word' id='word_1_21' title='bbox 130 528 200 560; x_wconf 90' lang='lat' dir='ltr'>mum</span> <span class='ocrx_word' id='word_1_22' title='bbox 219 513 330 576; x_wconf 91' lang='lat' dir='ltr'>accipere</span> <span class='ocrx_word' id='word_1_23' title='bbox 348 513 478 561; x_wconf 81' lang='lat' dir='ltr'>videantur</span> <span class='ocrx_word' id='word_1_24' title='bbox 495 513 540 560; x_wconf 90' lang='lat' dir='ltr'>sed</span> <span class='ocrx_word' id='word_1_25' title='bbox 559 511 631 560; x_wconf 89' lang='lat' dir='ltr'>remi-</span> 
     </span>
     <span class='ocr_line' id='line_1_6' title="bbox 131 577 374 626; baseline -0.008 0"><span class='ocrx_word' id='word_1_26' title='bbox 131 577 195 626; x_wconf 88' lang='lat' dir='ltr'>nisci</span> <span class='ocrx_word' id='word_1_27' title='bbox 205 584 231 626; x_wconf 89' lang='lat' dir='ltr'>et</span> <span class='ocrx_word' id='word_1_28' title='bbox 242 577 374 626; x_wconf 85' lang='lat' dir='ltr'>recordari.</span> 
     </span>
    </p>
   </div>
   <div class='ocr_carea' id='block_1_3' title="bbox 348 756 413 817">
    <p class='ocr_par' dir='ltr' id='par_1_3' title="bbox 348 756 413 817">
     <span class='ocr_line' id='line_1_7' title="bbox 348 756 413 817; baseline 0.031 -2"><span class='ocrx_word' id='word_1_29' title='bbox 348 756 363 815; x_wconf 82' lang='lat' dir='ltr'>l</span> <span class='ocrx_word' id='word_1_30' title='bbox 374 756 413 817; x_wconf 80' lang='lat'>7⁸·</span> 
     </span>
    </p>
   </div>
   <div class='ocr_carea' id='block_1_4' title="bbox 133 853 630 1176">
    <p class='ocr_par' dir='ltr' id='par_1_4' title="bbox 133 853 630 1176">
     <span class='ocr_line' id='line_1_8' title="bbox 182 853 629 917; baseline -0.004 -14"><span class='ocrx_word' id='word_1_31' title='bbox 182 853 247 903; x_wconf 88' lang='lat' dir='ltr'>Cum</span> <span class='ocrx_word' id='word_1_32' title='bbox 258 869 355 917; x_wconf 82' lang='lat' dir='ltr'>semper</span> <span class='ocrx_word' id='word_1_33' title='bbox 367 854 473 916; x_wconf 76' lang='lat' dir='ltr'>agitetur</span> <span class='ocrx_word' id='word_1_34' title='bbox 478 853 576 902; x_wconf 88' lang='lat' dir='ltr'>animus</span> <span class='ocrx_word' id='word_1_35' title='bbox 583 867 629 902; x_wconf 86' lang='lat' dir='ltr'>nec</span> 
     </span>
     <span class='ocr_line' id='line_1_9' title="bbox 133 917 630 992; baseline -0.002 -26"><span class='ocrx_word' id='word_1_36' title='bbox 133 919 283 992; x_wconf 91' lang='lat' dir='ltr'>principium</span> <span class='ocrx_word' id='word_1_37' title='bbox 305 927 388 967; x_wconf 91' lang='lat' dir='ltr'>motus</span> <span class='ocrx_word' id='word_1_38' title='bbox 408 917 507 976; x_wconf 79' lang='lat' dir='ltr'>haheat,</span> <span class='ocrx_word' id='word_1_39' title='bbox 528 917 587 982; x_wconf 83' lang='lat' dir='ltr'>quia</span> <span class='ocrx_word' id='word_1_40' title='bbox 603 932 630 965; x_wconf 87' lang='lat' dir='ltr'>se</span> 
     </span>
     <span class='ocr_line' id='line_1_10' title="bbox 133 981 630 1046; baseline -0.002 -17"><span class='ocrx_word' id='word_1_41' title='bbox 133 998 186 1046; x_wconf 83' lang='lat' dir='ltr'>ipse</span> <span class='ocrx_word' id='word_1_42' title='bbox 197 990 303 1042; x_wconf 73' lang='lat' dir='ltr'>moveat,</span> <span class='ocrx_word' id='word_1_43' title='bbox 317 999 349 1031; x_wconf 91' lang='lat' dir='ltr'>ne</span> <span class='ocrx_word' id='word_1_44' title='bbox 361 981 436 1031; x_wconf 88' lang='lat' dir='ltr'>finem</span> <span class='ocrx_word' id='word_1_45' title='bbox 447 982 548 1046; x_wconf 89' lang='lat' dir='ltr'>quidem</span> <span class='ocrx_word' id='word_1_46' title='bbox 559 981 630 1029; x_wconf 87' lang='lat' dir='ltr'>habi·</span> 
     </span>
     <span class='ocr_line' id='line_1_11' title="bbox 133 1047 627 1111; baseline -0.004 -16"><span class='ocrx_word' id='word_1_47' title='bbox 133 1056 215 1095; x_wconf 88' lang='lat' dir='ltr'>turum</span> <span class='ocrx_word' id='word_1_48' title='bbox 235 1063 288 1097; x_wconf 83' lang='lat' dir='ltr'>esse</span> <span class='ocrx_word' id='word_1_49' title='bbox 304 1055 394 1106; x_wconf 89' lang='lat' dir='ltr'>motus,</span> <span class='ocrx_word' id='word_1_50' title='bbox 414 1047 474 1111; x_wconf 87' lang='lat' dir='ltr'>quia</span> <span class='ocrx_word' id='word_1_51' title='bbox 492 1057 627 1110; x_wconf 88' lang='lat' dir='ltr'><strong>numquam</strong></span> 
     </span>
     <span class='ocr_line' id='line_1_12' title="bbox 133 1111 413 1176; baseline 0.004 -16"><span class='ocrx_word' id='word_1_52' title='bbox 133 1112 225 1176; x_wconf 87' lang='lat' dir='ltr'>seipse</span> <span class='ocrx_word' id='word_1_53' title='bbox 236 1114 268 1161; x_wconf 89' lang='lat' dir='ltr'>sit</span> <span class='ocrx_word' id='word_1_54' title='bbox 279 1111 413 1161; x_wconf 84' lang='lat' dir='ltr'>relicturus</span> 
     </span>
    </p>
   </div>
   <div class='ocr_carea' id='block_1_5' title="bbox 134 1288 633 2952">
    <p class='ocr_par' dir='ltr' id='par_1_5' title="bbox 134 1288 633 2952">
     <span class='ocr_line' id='line_1_13' title="bbox 182 1288 631 1356; baseline -0.002 -15"><span class='ocrx_word' id='word_1_55' title='bbox 182 1291 366 1356; x_wconf 83' lang='lat' dir='ltr'>Cyrum...cum</span> <span class='ocrx_word' id='word_1_56' title='bbox 388 1288 631 1352; x_wconf 86' lang='lat' dir='ltr'>Lysander...venis·</span> 
     </span>
     <span class='ocr_line' id='line_1_14' title="bbox 134 1356 631 1420; baseline -0.008 -14"><span class='ocrx_word' id='word_1_57' title='bbox 134 1357 281 1406; x_wconf 89' lang='lat' dir='ltr'>setadeum</span> <span class='ocrx_word' id='word_1_58' title='bbox 295 1356 380 1406; x_wconf 84' lang='lat' dir='ltr'>Sardis</span> <span class='ocrx_word' id='word_1_59' title='bbox 391 1357 463 1420; x_wconf 90' lang='lat' dir='ltr'>eique</span> <span class='ocrx_word' id='word_1_60' title='bbox 474 1356 540 1404; x_wconf 86' lang='lat' dir='ltr'>dona</span> <span class='ocrx_word' id='word_1_61' title='bbox 558 1370 574 1403; x_wconf 88' lang='lat' dir='ltr'>a</span> <span class='ocrx_word' id='word_1_62' title='bbox 591 1370 631 1403; x_wconf 94' lang='lat' dir='ltr'>so·</span> 
     </span>
     <span class='ocr_line' id='line_1_15' title="bbox 135 1419 632 1480; baseline -0.006 -10"><span class='ocrx_word' id='word_1_63' title='bbox 135 1421 180 1470; x_wconf 89' lang='lat' dir='ltr'>ciis</span> <span class='ocrx_word' id='word_1_64' title='bbox 200 1421 330 1480; x_wconf 86' lang='lat' dir='ltr'>attulisset,</span> <span class='ocrx_word' id='word_1_65' title='bbox 355 1428 381 1469; x_wconf 91' lang='lat' dir='ltr'>et</span> <span class='ocrx_word' id='word_1_66' title='bbox 403 1420 490 1469; x_wconf 88' lang='lat' dir='ltr'>ceteris</span> <span class='ocrx_word' id='word_1_67' title='bbox 511 1419 538 1468; x_wconf 89' lang='lat' dir='ltr'>in</span> <span class='ocrx_word' id='word_1_68' title='bbox 559 1419 632 1467; x_wconf 88' lang='lat' dir='ltr'>rebus</span> 
     </span>
     <span class='ocr_line' id='line_1_16' title="bbox 135 1485 632 1548; baseline -0.006 -14"><span class='ocrx_word' id='word_1_69' title='bbox 135 1501 290 1534; x_wconf 90' lang='lat' dir='ltr'>communem</span> <span class='ocrx_word' id='word_1_70' title='bbox 308 1501 367 1548; x_wconf 87' lang='lat' dir='ltr'>erga</span> <span class='ocrx_word' id='word_1_71' title='bbox 385 1485 539 1547; x_wconf 86' lang='lat' dir='ltr'>Lysandrum</span> <span class='ocrx_word' id='word_1_72' title='bbox 557 1491 632 1546; x_wconf 83' lang='lat' dir='ltr'>atque</span> 
     </span>
     <span class='ocr_line' id='line_1_17' title="bbox 134 1549 630 1613; baseline -0.004 -15"><span class='ocrx_word' id='word_1_73' title='bbox 134 1551 270 1598; x_wconf 88' lang='lat' dir='ltr'>humanum</span> <span class='ocrx_word' id='word_1_74' title='bbox 281 1549 356 1598; x_wconf 85' lang='lat' dir='ltr'>luisse</span> <span class='ocrx_word' id='word_1_75' title='bbox 366 1556 392 1598; x_wconf 92' lang='lat' dir='ltr'>et</span> <span class='ocrx_word' id='word_1_76' title='bbox 402 1549 425 1598; x_wconf 93' lang='lat' dir='ltr'>ei</span> <span class='ocrx_word' id='word_1_77' title='bbox 436 1549 561 1613; x_wconf 79' lang='lat' dir='ltr'>quendam</span> <span class='ocrx_word' id='word_1_78' title='bbox 572 1563 630 1597; x_wconf 93' lang='lat' dir='ltr'>con-</span> 
     </span>
     <span class='ocr_line' id='line_1_18' title="bbox 135 1612 631 1678; baseline -0.008 -15"><span class='ocrx_word' id='word_1_79' title='bbox 135 1621 246 1677; x_wconf 85' lang='lat' dir='ltr'>saeptum</span> <span class='ocrx_word' id='word_1_80' title='bbox 257 1630 344 1678; x_wconf 84' lang='lat' dir='ltr'>agrum</span> <span class='ocrx_word' id='word_1_81' title='bbox 361 1614 493 1676; x_wconf 85' lang='lat' dir='ltr'>diligenter</span> <span class='ocrx_word' id='word_1_82' title='bbox 509 1612 631 1661; x_wconf 89' lang='lat' dir='ltr'>consitum</span> 
     </span>
     <span class='ocr_line' id='line_1_19' title="bbox 135 1677 630 1728; baseline -0.006 0"><span class='ocrx_word' id='word_1_83' title='bbox 135 1679 278 1728; x_wconf 88' lang='lat' dir='ltr'>ostendisse.</span> <span class='ocrx_word' id='word_1_84' title='bbox 313 1678 378 1727; x_wconf 91' lang='lat' dir='ltr'>Cum</span> <span class='ocrx_word' id='word_1_85' title='bbox 397 1685 479 1726; x_wconf 90' lang='lat' dir='ltr'>autem</span> <span class='ocrx_word' id='word_1_86' title='bbox 498 1677 630 1728; x_wconf 78' lang='lat' dir='ltr'>admirare·</span> 
     </span>
     <span class='ocr_line' id='line_1_20' title="bbox 135 1741 631 1806; baseline -0.004 -14"><span class='ocrx_word' id='word_1_87' title='bbox 135 1744 340 1804; x_wconf 87' lang='lat' dir='ltr'>turLysanderet</span> <span class='ocrx_word' id='word_1_88' title='bbox 348 1743 507 1806; x_wconf 81' lang='lat' dir='ltr'>proceritates</span> <span class='ocrx_word' id='word_1_89' title='bbox 515 1741 631 1790; x_wconf 86' lang='lat' dir='ltr'>arborum</span> 
     </span>
     <span class='ocr_line' id='line_1_21' title="bbox 135 1806 628 1871; baseline -0.006 -15"><span class='ocrx_word' id='word_1_90' title='bbox 135 1815 160 1856; x_wconf 92' lang='lat' dir='ltr'>et</span> <span class='ocrx_word' id='word_1_91' title='bbox 177 1808 285 1856; x_wconf 90' lang='lat' dir='ltr'>directos</span> <span class='ocrx_word' id='word_1_92' title='bbox 300 1808 327 1856; x_wconf 91' lang='lat' dir='ltr'>in</span> <span class='ocrx_word' id='word_1_93' title='bbox 346 1807 509 1871; x_wconf 89' lang='lat' dir='ltr'>quincuncem</span> <span class='ocrx_word' id='word_1_94' title='bbox 521 1806 628 1864; x_wconf 75' lang='lat' dir='ltr'>ordines,</span> 
     </span>
     <span class='ocr_line' id='line_1_22' title="bbox 135 1871 631 1935; baseline -0.006 -14"><span class='ocrx_word' id='word_1_95' title='bbox 135 1880 160 1921; x_wconf 90' lang='lat' dir='ltr'>et</span> <span class='ocrx_word' id='word_1_96' title='bbox 172 1871 274 1920; x_wconf 89' lang='lat' dir='ltr'>humum</span> <span class='ocrx_word' id='word_1_97' title='bbox 286 1872 413 1920; x_wconf 82' lang='lat' dir='ltr'>subactam</span> <span class='ocrx_word' id='word_1_98' title='bbox 424 1879 499 1935; x_wconf 87' lang='lat' dir='ltr'>atque</span> <span class='ocrx_word' id='word_1_99' title='bbox 528 1886 598 1918; x_wconf 85' lang='lat' dir='ltr'>uram</span> <span class='ocrx_word' id='word_1_100' title='bbox 606 1878 631 1918; x_wconf 91' lang='lat' dir='ltr'>et</span> 
     </span>
     <span class='ocr_line' id='line_1_23' title="bbox 135 1935 632 1999; baseline -0.006 -14"><span class='ocrx_word' id='word_1_101' title='bbox 135 1937 281 1985; x_wconf 89' lang='lat' dir='ltr'>suavitatem</span> <span class='ocrx_word' id='word_1_102' title='bbox 303 1935 407 1984; x_wconf 90' lang='lat' dir='ltr'>odorum</span> <span class='ocrx_word' id='word_1_103' title='bbox 430 1936 473 1999; x_wconf 92' lang='lat' dir='ltr'>qui</span> <span class='ocrx_word' id='word_1_104' title='bbox 549 1942 632 1983; x_wconf 90' lang='lat' dir='ltr'>rentur</span> 
     </span>
     <span class='ocr_line' id='line_1_24' title="bbox 136 1999 631 2060; baseline -0.006 -10"><span class='ocrx_word' id='word_1_105' title='bbox 136 2018 166 2050; x_wconf 84' lang='lat' dir='ltr'>cx</span> <span class='ocrx_word' id='word_1_106' title='bbox 177 2000 286 2060; x_wconf 89' lang='lat' dir='ltr'>floribus,</span> <span class='ocrx_word' id='word_1_107' title='bbox 301 2008 354 2050; x_wconf 92' lang='lat' dir='ltr'>tum</span> <span class='ocrx_word' id='word_1_108' title='bbox 366 2017 422 2049; x_wconf 92' lang='lat' dir='ltr'>eum</span> <span class='ocrx_word' id='word_1_109' title='bbox 440 2000 531 2048; x_wconf 85' lang='lat' dir='ltr'>dixisse</span> <span class='ocrx_word' id='word_1_110' title='bbox 548 1999 631 2048; x_wconf 87' lang='lat' dir='ltr'>mirari</span> 
     </span>
     <span class='ocr_line' id='line_1_25' title="bbox 135 2063 631 2128; baseline -0.006 -14"><span class='ocrx_word' id='word_1_111' title='bbox 135 2081 162 2114; x_wconf 89' lang='lat' dir='ltr'>se</span> <span class='ocrx_word' id='word_1_112' title='bbox 173 2081 224 2114; x_wconf 90' lang='lat' dir='ltr'>non</span> <span class='ocrx_word' id='word_1_113' title='bbox 235 2066 311 2114; x_wconf 89' lang='lat' dir='ltr'>modo</span> <span class='ocrx_word' id='word_1_114' title='bbox 322 2064 477 2128; x_wconf 87' lang='lat' dir='ltr'>diligentiam</span> <span class='ocrx_word' id='word_1_115' title='bbox 494 2065 537 2112; x_wconf 92' lang='lat' dir='ltr'>sed</span> <span class='ocrx_word' id='word_1_116' title='bbox 555 2063 631 2112; x_wconf 88' lang='lat' dir='ltr'>etiam</span> 
     </span>
     <span class='ocr_line' id='line_1_26' title="bbox 136 2128 630 2193; baseline -0.006 -15"><span class='ocrx_word' id='word_1_117' title='bbox 136 2129 270 2179; x_wconf 87' lang='lat' dir='ltr'>sollertiam</span> <span class='ocrx_word' id='word_1_118' title='bbox 281 2130 333 2179; x_wconf 87' lang='lat' dir='ltr'>eius</span> <span class='ocrx_word' id='word_1_119' title='bbox 344 2145 360 2178; x_wconf 86' lang='lat' dir='ltr'>a</span> <span class='ocrx_word' id='word_1_120' title='bbox 371 2145 421 2193; x_wconf 89' lang='lat' dir='ltr'>quo</span> <span class='ocrx_word' id='word_1_121' title='bbox 434 2136 516 2178; x_wconf 88' lang='lat' dir='ltr'>essent</span> <span class='ocrx_word' id='word_1_122' title='bbox 533 2128 577 2176; x_wconf 89' lang='lat' dir='ltr'>illa</span> <span class='ocrx_word' id='word_1_123' title='bbox 593 2128 630 2176; x_wconf 92' lang='lat' dir='ltr'>di-</span> 
     </span>
     <span class='ocr_line' id='line_1_27' title="bbox 136 2193 631 2258; baseline -0.004 -16"><span class='ocrx_word' id='word_1_124' title='bbox 136 2210 222 2244; x_wconf 87' lang='lat' dir='ltr'>mensa</span> <span class='ocrx_word' id='word_1_125' title='bbox 243 2202 318 2258; x_wconf 89' lang='lat' dir='ltr'>atque</span> <span class='ocrx_word' id='word_1_126' title='bbox 340 2194 458 2257; x_wconf 90' lang='lat' dir='ltr'>discripta</span> <span class='ocrx_word' id='word_1_127' title='bbox 464 2209 472 2251; x_wconf 89' lang='lat'>;</span> <span class='ocrx_word' id='word_1_128' title='bbox 491 2201 516 2242; x_wconf 92' lang='lat' dir='ltr'>et</span> <span class='ocrx_word' id='word_1_129' title='bbox 536 2193 631 2256; x_wconf 87' lang='lat' dir='ltr'>Cyrum</span> 
     </span>
     <span class='ocr_line' id='line_1_28' title="bbox 135 2257 631 2322; baseline -0.002 -15"><span class='ocrx_word' id='word_1_130' title='bbox 135 2259 291 2322; x_wconf 87' lang='lat' dir='ltr'>respondisse</span> <span class='ocrx_word' id='word_1_131' title='bbox 320 2258 400 2322; x_wconf 86' lang='lat' dir='ltr'>‘atqui</span> <span class='ocrx_word' id='word_1_132' title='bbox 429 2273 476 2321; x_wconf 88' lang='lat' dir='ltr'>ego</span> <span class='ocrx_word' id='word_1_133' title='bbox 502 2257 550 2306; x_wconf 88' lang='lat' dir='ltr'>ista</span> <span class='ocrx_word' id='word_1_134' title='bbox 576 2272 631 2306; x_wconf 90' lang='lat' dir='ltr'>sum</span> 
     </span>
     <span class='ocr_line' id='line_1_29' title="bbox 136 2321 629 2378; baseline -0.006 -5"><span class='ocrx_word' id='word_1_135' title='bbox 136 2324 220 2373; x_wconf 87' lang='lat' dir='ltr'>omnia</span> <span class='ocrx_word' id='word_1_136' title='bbox 230 2323 364 2378; x_wconf 90' lang='lat' dir='ltr'>dimensus,</span> <span class='ocrx_word' id='word_1_137' title='bbox 376 2322 425 2371; x_wconf 92' lang='lat' dir='ltr'>mei</span> <span class='ocrx_word' id='word_1_138' title='bbox 443 2329 500 2371; x_wconf 90' lang='lat' dir='ltr'>sunt</span> <span class='ocrx_word' id='word_1_139' title='bbox 519 2321 629 2378; x_wconf 88' lang='lat' dir='ltr'>ordines;</span> 
     </span>
     <span class='ocr_line' id='line_1_30' title="bbox 135 2386 632 2453; baseline -0.002 -17"><span class='ocrx_word' id='word_1_140' title='bbox 135 2403 191 2436; x_wconf 91' lang='lat' dir='ltr'>mea</span> <span class='ocrx_word' id='word_1_141' title='bbox 209 2387 351 2453; x_wconf 80' lang='lat' dir='ltr'>discripti03</span> <span class='ocrx_word' id='word_1_142' title='bbox 371 2387 464 2435; x_wconf 91' lang='lat' dir='ltr'>multae</span> <span class='ocrx_word' id='word_1_143' title='bbox 483 2387 558 2434; x_wconf 84' lang='lat' dir='ltr'>etiam</span> <span class='ocrx_word' id='word_1_144' title='bbox 576 2386 632 2435; x_wconf 86' lang='lat' dir='ltr'>ista·</span> 
     </span>
     <span class='ocr_line' id='line_1_31' title="bbox 135 2450 631 2501; baseline -0.006 0"><span class='ocrx_word' id='word_1_145' title='bbox 135 2468 189 2501; x_wconf 87' lang='lat' dir='ltr'>nun</span> <span class='ocrx_word' id='word_1_146' title='bbox 200 2454 316 2501; x_wconf 88' lang='lat' dir='ltr'>arborum</span> <span class='ocrx_word' id='word_1_147' title='bbox 327 2467 384 2500; x_wconf 85' lang='lat' dir='ltr'>mea</span> <span class='ocrx_word' id='word_1_148' title='bbox 394 2467 469 2500; x_wconf 87' lang='lat' dir='ltr'>manu</span> <span class='ocrx_word' id='word_1_149' title='bbox 480 2459 537 2499; x_wconf 90' lang='lat' dir='ltr'>sunt</span> <span class='ocrx_word' id='word_1_150' title='bbox 542 2450 631 2499; x_wconf 86' lang='lat' dir='ltr'>satae’.</span> 
     </span>
     <span class='ocr_line' id='line_1_32' title="bbox 135 2516 632 2580; baseline -0.006 -15"><span class='ocrx_word' id='word_1_151' title='bbox 135 2517 201 2565; x_wconf 85' lang='lat' dir='ltr'>Tum</span> <span class='ocrx_word' id='word_1_152' title='bbox 228 2517 383 2580; x_wconf 87' lang='lat' dir='ltr'>Lysandrum</span> <span class='ocrx_word' id='word_1_153' title='bbox 411 2516 548 2564; x_wconf 89' lang='lat' dir='ltr'>intuentem</span> <span class='ocrx_word' id='word_1_154' title='bbox 575 2530 632 2578; x_wconf 91' lang='lat' dir='ltr'>pur-</span> 
     </span>
     <span class='ocr_line' id='line_1_33' title="bbox 135 2579 633 2645; baseline 0 -17"><span class='ocrx_word' id='word_1_155' title='bbox 135 2597 222 2645; x_wconf 87' lang='lat' dir='ltr'>puram</span> <span class='ocrx_word' id='word_1_156' title='bbox 255 2581 308 2630; x_wconf 90' lang='lat' dir='ltr'>eius</span> <span class='ocrx_word' id='word_1_157' title='bbox 332 2588 357 2631; x_wconf 90' lang='lat' dir='ltr'>et</span> <span class='ocrx_word' id='word_1_158' title='bbox 386 2580 493 2630; x_wconf 89' lang='lat' dir='ltr'>nitorem</span> <span class='ocrx_word' id='word_1_159' title='bbox 522 2579 633 2643; x_wconf 83' lang='lat' dir='ltr'>corporis</span> 
     </span>
     <span class='ocr_line' id='line_1_34' title="bbox 134 2644 633 2709; baseline -0.002 -15"><span class='ocrx_word' id='word_1_160' title='bbox 134 2654 297 2709; x_wconf 88' lang='lat' dir='ltr'>ornatumque</span> <span class='ocrx_word' id='word_1_161' title='bbox 325 2645 450 2694; x_wconf 91' lang='lat' dir='ltr'>Persicum</span> <span class='ocrx_word' id='word_1_162' title='bbox 471 2644 551 2693; x_wconf 87' lang='lat' dir='ltr'>multo</span> <span class='ocrx_word' id='word_1_163' title='bbox 572 2659 633 2693; x_wconf 89' lang='lat' dir='ltr'>auro</span> 
     </span>
     <span class='ocr_line' id='line_1_35' title="bbox 135 2709 632 2773; baseline -0.004 -15"><span class='ocrx_word' id='word_1_164' title='bbox 135 2710 268 2773; x_wconf 90' lang='lat' dir='ltr'>multisque</span> <span class='ocrx_word' id='word_1_165' title='bbox 295 2709 400 2772; x_wconf 87' lang='lat' dir='ltr'>gemmis</span> <span class='ocrx_word' id='word_1_166' title='bbox 432 2709 522 2758; x_wconf 85' lang='lat' dir='ltr'>dixisse</span> <span class='ocrx_word' id='word_1_167' title='bbox 555 2710 632 2757; x_wconf 82' lang='lat' dir='ltr'>‘recte</span> 
     </span>
     <span class='ocr_line' id='line_1_36' title="bbox 135 2773 631 2836; baseline -0.004 -13"><span class='ocrx_word' id='word_1_168' title='bbox 135 2791 195 2823; x_wconf 85' lang='lat' dir='ltr'>vero</span> <span class='ocrx_word' id='word_1_169' title='bbox 209 2783 242 2833; x_wconf 90' lang='lat' dir='ltr'>te,</span> <span class='ocrx_word' id='word_1_170' title='bbox 261 2774 333 2836; x_wconf 89' lang='lat' dir='ltr'>Cyre,</span> <span class='ocrx_word' id='word_1_171' title='bbox 351 2773 453 2822; x_wconf 88' lang='lat' dir='ltr'>beatum</span> <span class='ocrx_word' id='word_1_172' title='bbox 468 2774 555 2831; x_wconf 86' lang='lat' dir='ltr'>serunt,</span> <span class='ocrx_word' id='word_1_173' title='bbox 571 2788 631 2836; x_wconf 93' lang='lat' dir='ltr'>quo-</span> 
     </span>
     <span class='ocr_line' id='line_1_37' title="bbox 135 2837 632 2924; baseline -0.004 -36"><span class='ocrx_word' id='word_1_174' title='bbox 135 2840 203 2924; x_wconf 71' lang='lat' dir='ltr'>niam</span> <span class='ocrx_word' id='word_1_175' title='bbox 218 2838 302 2888; x_wconf 85' lang='lat' dir='ltr'>virtuti</span> <span class='ocrx_word' id='word_1_176' title='bbox 318 2845 375 2888; x_wconf 86' lang='lat' dir='ltr'>tuae</span> <span class='ocrx_word' id='word_1_177' title='bbox 386 2837 484 2888; x_wconf 83' lang='lat' dir='ltr'>fortuna</span> <span class='ocrx_word' id='word_1_178' title='bbox 500 2837 632 2887; x_wconf 87' lang='lat' dir='ltr'>coniuncta</span> 
     </span>
     <span class='ocr_line' id='line_1_38' title="bbox 135 2910 193 2952; baseline 0 0"><span class='ocrx_word' id='word_1_179' title='bbox 135 2910 193 2952; x_wconf 88' lang='lat' dir='ltr'>est.</span> 
     </span>
    </p>
   </div>
   <div class='ocr_carea' id='block_1_6' title="bbox 136 3341 632 3548">
    <p class='ocr_par' dir='ltr' id='par_1_6' title="bbox 136 3341 632 3548">
     <span class='ocr_line' id='line_1_39' title="bbox 318 3341 448 3406; baseline 0.038 -5"><span class='ocrx_word' id='word_1_180' title='bbox 318 3341 448 3406; x_wconf 79' lang='lat' dir='ltr'>tro—81·</span> 
     </span>
     <span class='ocr_line' id='line_1_40' title="bbox 181 3419 632 3481; baseline -0.009 -10"><span class='ocrx_word' id='word_1_181' title='bbox 181 3422 283 3472; x_wconf 80' lang='lat' dir='ltr'>‘Nolite</span> <span class='ocrx_word' id='word_1_182' title='bbox 290 3423 411 3481; x_wconf 82' lang='lat' dir='ltr'>arbitrari,</span> <span class='ocrx_word' id='word_1_183' title='bbox 421 3438 437 3471; x_wconf 95' lang='lat' dir='ltr'>o</span> <span class='ocrx_word' id='word_1_184' title='bbox 444 3422 505 3471; x_wconf 88' lang='lat' dir='ltr'>mihi</span> <span class='ocrx_word' id='word_1_185' title='bbox 514 3419 632 3470; x_wconf 84' lang='lat' dir='ltr'>carissimi</span> 
     </span>
     <span class='ocr_line' id='line_1_41' title="bbox 136 3487 630 3548; baseline -0.008 -11"><span class='ocrx_word' id='word_1_186' title='bbox 136 3488 189 3548; x_wconf 85' lang='lat' dir='ltr'>tilii,</span> <span class='ocrx_word' id='word_1_187' title='bbox 211 3504 260 3544; x_wconf 90' lang='lat' dir='ltr'>me,</span> <span class='ocrx_word' id='word_1_188' title='bbox 280 3503 337 3537; x_wconf 87' lang='lat' dir='ltr'>cum</span> <span class='ocrx_word' id='word_1_189' title='bbox 358 3503 374 3536; x_wconf 78' lang='lat' dir='ltr'>a</span> <span class='ocrx_word' id='word_1_190' title='bbox 395 3488 467 3536; x_wconf 89' lang='lat' dir='ltr'>vobis</span> <span class='ocrx_word' id='word_1_191' title='bbox 488 3487 630 3544; x_wconf 84' lang='lat' dir='ltr'>discessero,</span> 
     </span>
    </p>
   </div>
   <div class='ocr_carea' id='block_1_7' title="bbox 1124 201 1180 259">
    <p class='ocr_par' dir='ltr' id='par_1_7' title="bbox 1124 201 1180 259">
     <span class='ocr_line' id='line_1_42' title="bbox 1124 201 1180 259; baseline 0.018 -1"><span class='ocrx_word' id='word_1_192' title='bbox 1124 201 1180 259; x_wconf 74' lang='lat'>179</span> 
     </span>
    </p>
   </div>
   <div class='ocr_carea' id='block_1_8' title="bbox 683 315 1180 703">
    <p class='ocr_par' dir='ltr' id='par_1_8' title="bbox 683 315 1180 703">
     <span class='ocr_line' id='line_1_43' title="bbox 684 315 1179 380; baseline -0.01 -14"><span class='ocrx_word' id='word_1_193' title='bbox 684 319 710 365; x_wconf 95' lang='grc' dir='ltr'>έν</span> <span class='ocrx_word' id='word_1_194' title='bbox 725 318 834 380; x_wconf 78' lang='grc' dir='ltr'>προτέρῳ</span> <span class='ocrx_word' id='word_1_195' title='bbox 850 334 897 365; x_wconf 88' lang='grc' dir='ltr'>τινι</span> <span class='ocrx_word' id='word_1_196' title='bbox 913 316 993 378; x_wconf 80' lang='grc' dir='ltr'><strong><em>χρόνῳ</em></strong></span> <span class='ocrx_word' id='word_1_197' title='bbox 1008 315 1179 374; x_wconf 79' lang='grc' dir='ltr'>μεμαθηκέναι.</span> 
     </span>
     <span class='ocr_line' id='line_1_44' title="bbox 683 377 1179 440; baseline -0.008 -11"><span class='ocrx_word' id='word_1_198' title='bbox 683 379 755 430; x_wconf 79' lang='grc' dir='ltr'>τοῦτο</span> <span class='ocrx_word' id='word_1_199' title='bbox 767 384 792 430; x_wconf 85' lang='grc' dir='ltr'>δέ</span> <span class='ocrx_word' id='word_1_200' title='bbox 802 383 925 440; x_wconf 82' lang='grc' dir='ltr'>ἀδύνατον,</span> <span class='ocrx_word' id='word_1_201' title='bbox 939 382 961 428; x_wconf 92' lang='grc' dir='ltr'>εί</span> <span class='ocrx_word' id='word_1_202' title='bbox 970 381 1006 439; x_wconf 76' lang='grc' dir='ltr'><em>μή</em></span> <span class='ocrx_word' id='word_1_203' title='bbox 1016 377 1044 438; x_wconf 82' lang='grc' dir='ltr'>ἥν</span> <span class='ocrx_word' id='word_1_204' title='bbox 1056 395 1104 426; x_wconf 89' lang='grc' dir='ltr'>που</span> <span class='ocrx_word' id='word_1_205' title='bbox 1113 379 1179 437; x_wconf 79' lang='grc' dir='ltr'>ἡμῶν</span> 
     </span>
     <span class='ocr_line' id='line_1_45' title="bbox 684 441 1180 508; baseline -0.012 -13"><span class='ocrx_word' id='word_1_206' title='bbox 684 447 700 504; x_wconf 80' lang='grc' dir='ltr'><strong>ἡ</strong></span> <span class='ocrx_word' id='word_1_207' title='bbox 716 445 784 508; x_wconf 79' lang='grc' dir='ltr'>ψυχὴ</span> <span class='ocrx_word' id='word_1_208' title='bbox 800 447 854 507; x_wconf 89' lang='grc' dir='ltr'>πρίν</span> <span class='ocrx_word' id='word_1_209' title='bbox 871 447 895 494; x_wconf 90' lang='grc' dir='ltr'>έν</span> <span class='ocrx_word' id='word_1_210' title='bbox 911 442 973 504; x_wconf 71' lang='grc' dir='ltr'>τῷδε</span> <span class='ocrx_word' id='word_1_211' title='bbox 989 441 1025 504; x_wconf 70' lang='lat' dir='ltr'>roi</span> <span class='ocrx_word' id='word_1_212' title='bbox 1041 444 1180 504; x_wconf 71' lang='grc' dir='ltr'>ἀνθρωπίνῳ</span> 
     </span>
     <span class='ocr_line' id='line_1_46' title="bbox 684 507 1179 572; baseline -0.006 -14"><span class='ocrx_word' id='word_1_213' title='bbox 684 512 740 559; x_wconf 79' lang='grc' dir='ltr'>εἴδει</span> <span class='ocrx_word' id='word_1_214' title='bbox 750 512 871 572; x_wconf 80' lang='grc' dir='ltr'>γενέσθαι.</span> <span class='ocrx_word' id='word_1_215' title='bbox 908 509 973 571; x_wconf 90' lang='lat' dir='ltr'>[Cic.</span> <span class='ocrx_word' id='word_1_216' title='bbox 992 509 1038 557; x_wconf 78' lang='lat' dir='ltr'>hes</span> <span class='ocrx_word' id='word_1_217' title='bbox 1052 508 1105 557; x_wconf 85' lang='lat' dir='ltr'>also</span> <span class='ocrx_word' id='word_1_218' title='bbox 1124 507 1179 556; x_wconf 92' lang='lat' dir='ltr'>imi·</span> 
     </span>
     <span class='ocr_line' id='line_1_47' title="bbox 684 573 1176 634; baseline -0.008 -11"><span class='ocrx_word' id='word_1_219' title='bbox 684 577 752 624; x_wconf 85' lang='lat' dir='ltr'>tated</span> <span class='ocrx_word' id='word_1_220' title='bbox 768 576 810 624; x_wconf 91' lang='lat' dir='ltr'>the</span> <span class='ocrx_word' id='word_1_221' title='bbox 826 590 899 624; x_wconf 89' lang='lat' dir='ltr'>scene</span> <span class='ocrx_word' id='word_1_222' title='bbox 910 575 936 623; x_wconf 92' lang='lat' dir='ltr'>in</span> <span class='ocrx_word' id='word_1_223' title='bbox 948 573 991 622; x_wconf 89' lang='lat' dir='ltr'>the</span> <span class='ocrx_word' id='word_1_224' title='bbox 1002 573 1089 630; x_wconf 85' lang='lat' dir='ltr'>Men0,</span> <span class='ocrx_word' id='word_1_225' title='bbox 1101 587 1122 621; x_wconf 90' lang='lat' dir='ltr'>c.</span> <span class='ocrx_word' id='word_1_226' title='bbox 1140 585 1176 634; x_wconf 86' lang='lat'>15,</span> 
     </span>
     <span class='ocr_line' id='line_1_48' title="bbox 683 636 1179 703; baseline -0.006 -15"><span class='ocrx_word' id='word_1_227' title='bbox 683 640 764 690; x_wconf 87' lang='lat' dir='ltr'>where</span> <span class='ocrx_word' id='word_1_228' title='bbox 777 641 891 691; x_wconf 79' lang='lat' dir='ltr'>Socrates</span> <span class='ocrx_word' id='word_1_229' title='bbox 902 638 1028 703; x_wconf 85' lang='lat' dir='ltr'>questions</span> <span class='ocrx_word' id='word_1_230' title='bbox 1039 638 1081 686; x_wconf 84' lang='lat' dir='ltr'>the</span> <span class='ocrx_word' id='word_1_231' title='bbox 1091 636 1179 697; x_wconf 82' lang='lat' dir='ltr'>slave]</span> 
     </span>
    </p>
   </div>
   <div class='ocr_carea' id='block_1_9' title="bbox 774 754 1091 816">
    <p class='ocr_par' dir='ltr' id='par_1_9' title="bbox 774 754 1091 816">
     <span class='ocr_line' id='line_1_49' title="bbox 774 754 1091 816; baseline -0.003 -13"><span class='ocrx_word' id='word_1_232' title='bbox 774 754 854 814; x_wconf 90' lang='lat' dir='ltr'>Plato,</span> <span class='ocrx_word' id='word_1_233' title='bbox 868 754 998 803; x_wconf 80' lang='lat' dir='ltr'>Phaedrus</span> <span class='ocrx_word' id='word_1_234' title='bbox 1009 766 1055 816; x_wconf 77' lang='lat'>²45</span> <span class='ocrx_word' id='word_1_235' title='bbox 1068 764 1091 802; x_wconf 88' lang='lat' dir='ltr'>e.</span> 
     </span>
    </p>
   </div>
   <div class='ocr_carea' id='block_1_10' title="bbox 681 847 1178 1039">
    <p class='ocr_par' dir='ltr' id='par_1_10' title="bbox 681 847 1178 1039">
     <span class='ocr_line' id='line_1_50' title="bbox 731 847 1178 910; baseline -0.009 -10"><span class='ocrx_word' id='word_1_236' title='bbox 731 851 801 910; x_wconf 78' lang='grc' dir='ltr'>μόνον</span> <span class='ocrx_word' id='word_1_237' title='bbox 814 849 843 910; x_wconf 82' lang='grc' dir='ltr'><strong><em>δὴ</em></strong></span> <span class='ocrx_word' id='word_1_238' title='bbox 859 851 888 899; x_wconf 92' lang='grc' dir='ltr'>τδ</span> <span class='ocrx_word' id='word_1_239' title='bbox 905 850 963 898; x_wconf 85' lang='grc' dir='ltr'>αῦτδ</span> <span class='ocrx_word' id='word_1_240' title='bbox 980 851 1064 907; x_wconf 81' lang='grc' dir='ltr'>κινοῦν,</span> <span class='ocrx_word' id='word_1_241' title='bbox 1077 847 1120 897; x_wconf 81' lang='grc' dir='ltr'>ἅτε</span> <span class='ocrx_word' id='word_1_242' title='bbox 1136 851 1178 896; x_wconf 82' lang='grc' dir='ltr'>οὐκ</span> 
     </span>
     <span class='ocr_line' id='line_1_51' title="bbox 683 908 1178 975; baseline -0.008 -11"><span class='ocrx_word' id='word_1_243' title='bbox 683 918 815 964; x_wconf 77' lang='grc' dir='ltr'>ἀπολεῖπον</span> <span class='ocrx_word' id='word_1_244' title='bbox 838 916 917 972; x_wconf 83' lang='grc' dir='ltr'>έουτδ,</span> <span class='ocrx_word' id='word_1_245' title='bbox 941 916 1028 964; x_wconf 76' lang='grc' dir='ltr'>οὔποτε</span> <span class='ocrx_word' id='word_1_246' title='bbox 1057 908 1086 972; x_wconf 81' lang='grc' dir='ltr'>δὴ</span> <span class='ocrx_word' id='word_1_247' title='bbox 1107 915 1178 975; x_wconf 68' lang='grc' dir='ltr'>λήγει</span> 
     </span>
     <span class='ocr_line' id='line_1_52' title="bbox 681 983 824 1039; baseline 0.007 -11"><span class='ocrx_word' id='word_1_248' title='bbox 681 983 824 1039; x_wconf 87' lang='grc' dir='ltr'>κινούμενον.</span> 
     </span>
    </p>
   </div>
   <div class='ocr_carea' id='block_1_11' title="bbox 683 1127 1178 1255">
    <p class='ocr_par' dir='ltr' id='par_1_11' title="bbox 683 1127 1178 1255">
     <span class='ocr_line' id='line_1_53' title="bbox 683 1127 1178 1191; baseline -0.006 -13"><span class='ocrx_word' id='word_1_249' title='bbox 683 1128 834 1191; x_wconf 91' lang='lat' dir='ltr'>Xenophon,</span> <span class='ocrx_word' id='word_1_250' title='bbox 852 1127 1018 1177; x_wconf 82' lang='lat' dir='ltr'>Oeconomicus</span> <span class='ocrx_word' id='word_1_251' title='bbox 1029 1137 1066 1175; x_wconf 86' lang='lat' dir='ltr'>tv.</span> <span class='ocrx_word' id='word_1_252' title='bbox 1078 1127 1178 1186; x_wconf 61' lang='grc' dir='ltr'>ἐξιο-</span> 
     </span>
     <span class='ocr_line' id='line_1_54' title="bbox 912 1207 952 1255; baseline -0.025 -14"><span class='ocrx_word' id='word_1_253' title='bbox 912 1207 952 1255; x_wconf 80' lang='grc' dir='ltr'>ο5.</span> 
     </span>
    </p>
   </div>
   <div class='ocr_carea' id='block_1_12' title="bbox 683 1289 1180 3220">
    <p class='ocr_par' dir='ltr' id='par_1_12' title="bbox 683 1289 1180 3220">
     <span class='ocr_line' id='line_1_55' title="bbox 733 1289 1174 1352; baseline -0.009 -12"><span class='ocrx_word' id='word_1_254' title='bbox 733 1289 800 1340; x_wconf 65' lang='lat' dir='ltr'>curor</span> <span class='ocrx_word' id='word_1_255' title='bbox 811 1291 823 1339; x_wconf 84' lang='grc' dir='ltr'>δ</span> <span class='ocrx_word' id='word_1_256' title='bbox 834 1291 911 1350; x_wconf 83' lang='grc' dir='ltr'>Κῦρος</span> <span class='ocrx_word' id='word_1_257' title='bbox 925 1291 1025 1352; x_wconf 70' lang='grc' dir='ltr'>λέγεται</span> <span class='ocrx_word' id='word_1_258' title='bbox 1036 1289 1174 1348; x_wconf 87' lang='grc' dir='ltr'>Λυσάνδρῳ,</span> 
     </span>
     <span class='ocr_line' id='line_1_56' title="bbox 684 1351 1177 1415; baseline -0.01 -10"><span class='ocrx_word' id='word_1_259' title='bbox 684 1359 724 1406; x_wconf 87' lang='grc' dir='ltr'>δτε</span> <span class='ocrx_word' id='word_1_260' title='bbox 746 1352 820 1414; x_wconf 81' lang='grc' dir='ltr'>ἦλθεν</span> <span class='ocrx_word' id='word_1_261' title='bbox 836 1355 901 1415; x_wconf 64' lang='lat' dir='ltr'>aym</span> <span class='ocrx_word' id='word_1_262' title='bbox 921 1352 987 1415; x_wconf 75' lang='grc' dir='ltr'>αὐτῷ</span> <span class='ocrx_word' id='word_1_263' title='bbox 1002 1357 1032 1402; x_wconf 82' lang='grc' dir='ltr'>τά</span> <span class='ocrx_word' id='word_1_264' title='bbox 1050 1351 1115 1410; x_wconf 82' lang='grc' dir='ltr'>παρὰ</span> <span class='ocrx_word' id='word_1_265' title='bbox 1129 1355 1177 1401; x_wconf 87' lang='grc' dir='ltr'>τῶν</span> 
     </span>
     <span class='ocr_line' id='line_1_57' title="bbox 684 1417 1175 1481; baseline -0.012 -11"><span class='ocrx_word' id='word_1_266' title='bbox 684 1422 818 1481; x_wconf 86' lang='grc' dir='ltr'>συμμάχων</span> <span class='ocrx_word' id='word_1_267' title='bbox 833 1421 903 1480; x_wconf 81' lang='grc' dir='ltr'>δῶρα,</span> <span class='ocrx_word' id='word_1_268' title='bbox 922 1417 986 1467; x_wconf 79' lang='grc' dir='ltr'>ἄλλα</span> <span class='ocrx_word' id='word_1_269' title='bbox 1003 1436 1030 1466; x_wconf 92' lang='grc' dir='ltr'>τε</span> <span class='ocrx_word' id='word_1_270' title='bbox 1046 1421 1175 1478; x_wconf 89' lang='grc' dir='ltr'>φιλοφρον-</span> 
     </span>
     <span class='ocr_line' id='line_1_58' title="bbox 684 1483 1178 1544; baseline -0.012 -10"><span class='ocrx_word' id='word_1_271' title='bbox 684 1488 763 1534; x_wconf 86' lang='grc' dir='ltr'>εῖσθαι</span> <span class='ocrx_word' id='word_1_272' title='bbox 774 1486 813 1533; x_wconf 89' lang='grc' dir='ltr'>καί</span> <span class='ocrx_word' id='word_1_273' title='bbox 823 1486 865 1533; x_wconf 91' lang='grc' dir='ltr'>τδν</span> <span class='ocrx_word' id='word_1_274' title='bbox 876 1485 900 1532; x_wconf 92' lang='grc' dir='ltr'>έν</span> <span class='ocrx_word' id='word_1_275' title='bbox 913 1483 1016 1544; x_wconf 79' lang='grc' dir='ltr'>Σάρδεσι</span> <span class='ocrx_word' id='word_1_276' title='bbox 1034 1483 1178 1543; x_wconf 72' lang='grc' dir='ltr'>παράδεισον</span> 
     </span>
     <span class='ocr_line' id='line_1_59' title="bbox 685 1547 1175 1610; baseline -0.012 -11"><span class='ocrx_word' id='word_1_277' title='bbox 685 1551 848 1600; x_wconf 73' lang='grc' dir='ltr'>ἐπιδεικνύναι</span> <span class='ocrx_word' id='word_1_278' title='bbox 885 1550 938 1596; x_wconf 83' lang='grc' dir='ltr'>ἐπεί</span> <span class='ocrx_word' id='word_1_279' title='bbox 950 1550 975 1596; x_wconf 80' lang='grc' dir='ltr'>δέ</span> <span class='ocrx_word' id='word_1_280' title='bbox 985 1549 1118 1610; x_wconf 72' lang='grc' dir='ltr'>ἐθαύμαζεν</span> <span class='ocrx_word' id='word_1_281' title='bbox 1135 1547 1175 1593; x_wconf 85' lang='grc' dir='ltr'>αῦ-</span> 
     </span>
     <span class='ocr_line' id='line_1_60' title="bbox 684 1608 1177 1674; baseline -0.01 -12"><span class='ocrx_word' id='word_1_282' title='bbox 684 1617 726 1663; x_wconf 88' lang='grc' dir='ltr'>τδν</span> <span class='ocrx_word' id='word_1_283' title='bbox 749 1615 762 1663; x_wconf 89' lang='grc' dir='ltr'>δ</span> <span class='ocrx_word' id='word_1_284' title='bbox 783 1614 927 1674; x_wconf 80' lang='grc' dir='ltr'>Λύσανδρος,</span> <span class='ocrx_word' id='word_1_285' title='bbox 950 1613 980 1661; x_wconf 81' lang='grc' dir='ltr'>ὼε</span> <span class='ocrx_word' id='word_1_286' title='bbox 1002 1610 1065 1661; x_wconf 81' lang='grc' dir='ltr'>καλά</span> <span class='ocrx_word' id='word_1_287' title='bbox 1083 1613 1126 1669; x_wconf 90' lang='grc' dir='ltr'>μέν</span> <span class='ocrx_word' id='word_1_288' title='bbox 1146 1608 1177 1657; x_wconf 81' lang='grc' dir='ltr'>τά</span> 
     </span>
     <span class='ocr_line' id='line_1_61' title="bbox 686 1675 1174 1740; baseline -0.01 -13"><span class='ocrx_word' id='word_1_289' title='bbox 686 1681 769 1740; x_wconf 80' lang='grc' dir='ltr'>δένδρα</span> <span class='ocrx_word' id='word_1_290' title='bbox 786 1680 831 1737; x_wconf 87' lang='grc' dir='ltr'>είη,</span> <span class='ocrx_word' id='word_1_291' title='bbox 844 1675 870 1725; x_wconf 84' lang='grc' dir='ltr'>δι’</span> <span class='ocrx_word' id='word_1_292' title='bbox 887 1679 940 1726; x_wconf 90' lang='grc' dir='ltr'>ίσου</span> <span class='ocrx_word' id='word_1_293' title='bbox 956 1679 983 1725; x_wconf 77' lang='grc' dir='ltr'>δέ</span> <span class='ocrx_word' id='word_1_294' title='bbox 999 1676 1174 1736; x_wconf 76' lang='grc' dir='ltr'>πεφυτευμένα,</span> 
     </span>
     <span class='ocr_line' id='line_1_62' title="bbox 684 1741 1176 1804; baseline -0.012 -12"><span class='ocrx_word' id='word_1_295' title='bbox 684 1745 749 1804; x_wconf 85' lang='grc' dir='ltr'>ὀρθοί</span> <span class='ocrx_word' id='word_1_296' title='bbox 766 1745 791 1792; x_wconf 80' lang='grc' dir='ltr'>δὲ</span> <span class='ocrx_word' id='word_1_297' title='bbox 814 1744 836 1790; x_wconf 85' lang='grc' dir='ltr'>σί</span> <span class='ocrx_word' id='word_1_298' title='bbox 852 1745 932 1803; x_wconf 82' lang='grc' dir='ltr'>στίχοι</span> <span class='ocrx_word' id='word_1_299' title='bbox 949 1743 996 1789; x_wconf 81' lang='grc' dir='ltr'>τῶν</span> <span class='ocrx_word' id='word_1_300' title='bbox 1014 1742 1120 1798; x_wconf 85' lang='grc' dir='ltr'>δένδρων,</span> <span class='ocrx_word' id='word_1_301' title='bbox 1141 1741 1176 1787; x_wconf 86' lang='grc' dir='ltr'>εῦ-</span> 
     </span>
     <span class='ocr_line' id='line_1_63' title="bbox 683 1804 1178 1869; baseline -0.012 -13"><span class='ocrx_word' id='word_1_302' title='bbox 683 1807 759 1869; x_wconf 84' lang='grc' dir='ltr'>γώνια</span> <span class='ocrx_word' id='word_1_303' title='bbox 771 1809 797 1856; x_wconf 90' lang='grc' dir='ltr'>δέ</span> <span class='ocrx_word' id='word_1_304' title='bbox 813 1808 894 1854; x_wconf 87' lang='grc' dir='ltr'>πάντα</span> <span class='ocrx_word' id='word_1_305' title='bbox 911 1808 989 1855; x_wconf 80' lang='grc' dir='ltr'>καλῶς</span> <span class='ocrx_word' id='word_1_306' title='bbox 1006 1808 1050 1865; x_wconf 85' lang='grc' dir='ltr'>είη,</span> <span class='ocrx_word' id='word_1_307' title='bbox 1062 1805 1135 1862; x_wconf 80' lang='grc' dir='ltr'>ὀσμαί</span> <span class='ocrx_word' id='word_1_308' title='bbox 1152 1804 1178 1851; x_wconf 81' lang='grc' dir='ltr'>δέ</span> 
     </span>
     <span class='ocr_line' id='line_1_64' title="bbox 684 1869 1176 1932; baseline -0.012 -12"><span class='ocrx_word' id='word_1_309' title='bbox 684 1875 775 1920; x_wconf 85' lang='grc' dir='ltr'>πολλοί</span> <span class='ocrx_word' id='word_1_310' title='bbox 796 1873 836 1920; x_wconf 89' lang='grc' dir='ltr'>καί</span> <span class='ocrx_word' id='word_1_311' title='bbox 858 1871 933 1930; x_wconf 86' lang='grc' dir='ltr'>ὴδεῖαι</span> <span class='ocrx_word' id='word_1_312' title='bbox 956 1869 1176 1932; x_wconf 86' lang='grc' dir='ltr'>συμπαρομαρτοΐεν</span> 
     </span>
     <span class='ocr_line' id='line_1_65' title="bbox 686 1931 1177 1999; baseline -0.01 -15"><span class='ocrx_word' id='word_1_313' title='bbox 686 1939 763 1986; x_wconf 78' lang='grc' dir='ltr'>αὐτοῖς</span> <span class='ocrx_word' id='word_1_314' title='bbox 775 1939 939 1999; x_wconf 83' lang='grc' dir='ltr'>περιπατοῦσι,</span> <span class='ocrx_word' id='word_1_315' title='bbox 952 1936 992 1983; x_wconf 89' lang='grc' dir='ltr'>καί</span> <span class='ocrx_word' id='word_1_316' title='bbox 1003 1937 1078 1982; x_wconf 88' lang='grc' dir='ltr'>ταῦτα</span> <span class='ocrx_word' id='word_1_317' title='bbox 1090 1931 1177 1986; x_wconf 84' lang='grc' dir='ltr'>θαυμά-</span> 
     </span>
     <span class='ocr_line' id='line_1_66' title="bbox 685 1994 1174 2065; baseline -0.012 -16"><span class='ocrx_word' id='word_1_318' title='bbox 685 2010 731 2065; x_wconf 70' lang='grc' dir='ltr'>ζων</span> <span class='ocrx_word' id='word_1_319' title='bbox 753 2002 827 2057; x_wconf 81' lang='grc' dir='ltr'>εἶπεν,</span> <span class='ocrx_word' id='word_1_320' title='bbox 845 1999 917 2048; x_wconf 71' lang='grc' dir='ltr'>’ἀλλ’</span> <span class='ocrx_word' id='word_1_321' title='bbox 937 1996 987 2060; x_wconf 80' lang='grc' dir='ltr'>ἐγώ</span> <span class='ocrx_word' id='word_1_322' title='bbox 1002 2015 1047 2056; x_wconf 84' lang='grc' dir='ltr'>τοι,</span> <span class='ocrx_word' id='word_1_323' title='bbox 1066 1994 1085 2045; x_wconf 79' lang='grc' dir='ltr'><strong><em>ὦ</em></strong></span> <span class='ocrx_word' id='word_1_324' title='bbox 1102 1997 1174 2058; x_wconf 86' lang='grc' dir='ltr'>Κῦρε,</span> 
     </span>
     <span class='ocr_line' id='line_1_67' title="bbox 685 2060 1180 2124; baseline -0.012 -10"><span class='ocrx_word' id='word_1_325' title='bbox 685 2065 762 2114; x_wconf 86' lang='grc' dir='ltr'>πάντα</span> <span class='ocrx_word' id='word_1_326' title='bbox 783 2067 827 2124; x_wconf 82' lang='grc' dir='ltr'>μέν</span> <span class='ocrx_word' id='word_1_327' title='bbox 848 2061 927 2112; x_wconf 82' lang='grc' dir='ltr'>ταῦτα</span> <span class='ocrx_word' id='word_1_328' title='bbox 948 2062 1061 2121; x_wconf 71' lang='grc' dir='ltr'>θαυμάζω</span> <span class='ocrx_word' id='word_1_329' title='bbox 1082 2063 1123 2110; x_wconf 86' lang='grc' dir='ltr'>έπί</span> <span class='ocrx_word' id='word_1_330' title='bbox 1144 2060 1180 2120; x_wconf 80' lang='grc' dir='ltr'>τῷ</span> 
     </span>
     <span class='ocr_line' id='line_1_68' title="bbox 684 2126 1177 2190; baseline -0.014 -11"><span class='ocrx_word' id='word_1_331' title='bbox 684 2132 775 2190; x_wconf 82' lang='grc' dir='ltr'>κάλλει,</span> <span class='ocrx_word' id='word_1_332' title='bbox 791 2131 853 2179; x_wconf 84' lang='grc' dir='ltr'>πολῦ</span> <span class='ocrx_word' id='word_1_333' title='bbox 870 2131 895 2178; x_wconf 89' lang='grc' dir='ltr'>δέ</span> <span class='ocrx_word' id='word_1_334' title='bbox 911 2129 1005 2186; x_wconf 87' lang='grc' dir='ltr'>μοῖλλον</span> <span class='ocrx_word' id='word_1_335' title='bbox 1023 2127 1116 2187; x_wconf 76' lang='grc' dir='ltr'>άγαμοι</span> <span class='ocrx_word' id='word_1_336' title='bbox 1135 2126 1177 2173; x_wconf 82' lang='grc' dir='ltr'>τοῦ</span> 
     </span>
     <span class='ocr_line' id='line_1_69' title="bbox 684 2191 1177 2256; baseline -0.01 -13"><span class='ocrx_word' id='word_1_337' title='bbox 684 2195 908 2256; x_wconf 76' lang='grc' dir='ltr'>κατομετρήσαντάς</span> <span class='ocrx_word' id='word_1_338' title='bbox 919 2210 958 2242; x_wconf 88' lang='grc' dir='ltr'>σοι</span> <span class='ocrx_word' id='word_1_339' title='bbox 969 2194 1008 2241; x_wconf 88' lang='grc' dir='ltr'>καί</span> <span class='ocrx_word' id='word_1_340' title='bbox 1025 2191 1177 2249; x_wconf 77' lang='grc' dir='ltr'>διατάξαντας</span> 
     </span>
     <span class='ocr_line' id='line_1_70' title="bbox 685 2251 1177 2308; baseline -0.012 0"><span class='ocrx_word' id='word_1_341' title='bbox 685 2262 776 2308; x_wconf 78' lang='grc' dir='ltr'>ἕκαστα</span> <span class='ocrx_word' id='word_1_342' title='bbox 786 2262 885 2308; x_wconf 79' lang='grc' dir='ltr'>τούτων.</span> <span class='ocrx_word' id='word_1_343' title='bbox 919 2259 1053 2306; x_wconf 84' lang='grc' dir='ltr'>ἀκούσαντα</span> <span class='ocrx_word' id='word_1_344' title='bbox 1065 2257 1090 2303; x_wconf 90' lang='grc' dir='ltr'>δέ</span> <span class='ocrx_word' id='word_1_345' title='bbox 1101 2251 1177 2303; x_wconf 80' lang='grc' dir='ltr'>ταῦτα</span> 
     </span>
     <span class='ocr_line' id='line_1_71' title="bbox 684 2321 1174 2386; baseline -0.008 -16"><span class='ocrx_word' id='word_1_346' title='bbox 684 2327 726 2374; x_wconf 92' lang='grc' dir='ltr'>τδν</span> <span class='ocrx_word' id='word_1_347' title='bbox 749 2321 942 2386; x_wconf 80' lang='grc' dir='ltr'>Κῦρον...είπεῖν,</span> <span class='ocrx_word' id='word_1_348' title='bbox 965 2322 1045 2369; x_wconf 70' lang='grc' dir='ltr'>Ταῦτα</span> <span class='ocrx_word' id='word_1_349' title='bbox 1066 2321 1174 2367; x_wconf 79' lang='grc' dir='ltr'>τοίνυν...</span> 
     </span>
     <span class='ocr_line' id='line_1_72' title="bbox 684 2385 1177 2450; baseline -0.016 -13"><span class='ocrx_word' id='word_1_350' title='bbox 684 2390 734 2450; x_wconf 73' lang='grc' dir='ltr'>ἐγὼ</span> <span class='ocrx_word' id='word_1_351' title='bbox 742 2387 821 2437; x_wconf 88' lang='grc' dir='ltr'>πάντα</span> <span class='ocrx_word' id='word_1_352' title='bbox 828 2389 867 2435; x_wconf 90' lang='grc' dir='ltr'>καί</span> <span class='ocrx_word' id='word_1_353' title='bbox 875 2387 1016 2448; x_wconf 81' lang='grc' dir='ltr'>διεμέτρησα</span> <span class='ocrx_word' id='word_1_354' title='bbox 1026 2386 1064 2432; x_wconf 92' lang='grc' dir='ltr'>καί</span> <span class='ocrx_word' id='word_1_355' title='bbox 1073 2385 1177 2442; x_wconf 81' lang='grc' dir='ltr'>διέταξα,</span> 
     </span>
     <span class='ocr_line' id='line_1_73' title="bbox 685 2449 1175 2510; baseline -0.016 -7"><span class='ocrx_word' id='word_1_356' title='bbox 685 2456 737 2503; x_wconf 86' lang='grc' dir='ltr'>ἐστι</span> <span class='ocrx_word' id='word_1_357' title='bbox 749 2455 775 2502; x_wconf 80' lang='grc' dir='ltr'>δέ</span> <span class='ocrx_word' id='word_1_358' title='bbox 786 2450 890 2501; x_wconf 82' lang='grc' dir='ltr'>αῦτῶνά</span> <span class='ocrx_word' id='word_1_359' title='bbox 906 2452 945 2499; x_wconf 89' lang='grc' dir='ltr'>καί</span> <span class='ocrx_word' id='word_1_360' title='bbox 962 2452 1081 2510; x_wconf 82' lang='grc' dir='ltr'>ἐφύτευσα</span> <span class='ocrx_word' id='word_1_361' title='bbox 1098 2449 1175 2496; x_wconf 72' lang='grc' dir='ltr'>αὐτὸς.</span> 
     </span>
     <span class='ocr_line' id='line_1_74' title="bbox 685 2514 1178 2578; baseline -0.016 -11"><span class='ocrx_word' id='word_1_362' title='bbox 685 2519 735 2567; x_wconf 88' lang='grc' dir='ltr'>Καί</span> <span class='ocrx_word' id='word_1_363' title='bbox 745 2516 758 2567; x_wconf 86' lang='grc' dir='ltr'>δ</span> <span class='ocrx_word' id='word_1_364' title='bbox 770 2518 905 2578; x_wconf 76' lang='grc' dir='ltr'>Λύσανδρος</span> <span class='ocrx_word' id='word_1_365' title='bbox 922 2516 970 2575; x_wconf 83' lang='grc' dir='ltr'>ἔφη</span> <span class='ocrx_word' id='word_1_366' title='bbox 987 2515 1130 2575; x_wconf 81' lang='grc' dir='ltr'>ἀποβλέψας</span> <span class='ocrx_word' id='word_1_367' title='bbox 1148 2514 1178 2560; x_wconf 82' lang='grc' dir='ltr'>είς</span> 
     </span>
     <span class='ocr_line' id='line_1_75' title="bbox 685 2578 1178 2636; baseline -0.012 -5"><span class='ocrx_word' id='word_1_368' title='bbox 685 2584 757 2632; x_wconf 80' lang='grc' dir='ltr'>αάτδν</span> <span class='ocrx_word' id='word_1_369' title='bbox 777 2583 817 2630; x_wconf 88' lang='grc' dir='ltr'>καί</span> <span class='ocrx_word' id='word_1_370' title='bbox 834 2583 890 2630; x_wconf 81' lang='grc' dir='ltr'>ίδὼν</span> <span class='ocrx_word' id='word_1_371' title='bbox 911 2583 960 2628; x_wconf 86' lang='grc' dir='ltr'>τῶν</span> <span class='ocrx_word' id='word_1_372' title='bbox 981 2597 1009 2627; x_wconf 91' lang='grc' dir='ltr'>τε</span> <span class='ocrx_word' id='word_1_373' title='bbox 1031 2580 1129 2636; x_wconf 89' lang='grc' dir='ltr'>ίματίων</span> <span class='ocrx_word' id='word_1_374' title='bbox 1150 2578 1178 2625; x_wconf 90' lang='grc' dir='ltr'>τδ</span> 
     </span>
     <span class='ocr_line' id='line_1_76' title="bbox 685 2641 1177 2707; baseline -0.016 -10"><span class='ocrx_word' id='word_1_375' title='bbox 685 2646 774 2697; x_wconf 73' lang='grc' dir='ltr'>κάλλος</span> <span class='ocrx_word' id='word_1_376' title='bbox 786 2645 818 2694; x_wconf 75' lang='grc' dir='ltr'>(δν</span> <span class='ocrx_word' id='word_1_377' title='bbox 830 2647 883 2707; x_wconf 81' lang='grc' dir='ltr'>εἶχε</span> <span class='ocrx_word' id='word_1_378' title='bbox 893 2647 933 2693; x_wconf 87' lang='grc' dir='ltr'>καί</span> <span class='ocrx_word' id='word_1_379' title='bbox 948 2645 991 2702; x_wconf 76' lang='grc' dir='ltr'>τῆς</span> <span class='ocrx_word' id='word_1_380' title='bbox 1007 2644 1081 2702; x_wconf 74' lang='grc' dir='ltr'>ὀσμῆς</span> <span class='ocrx_word' id='word_1_381' title='bbox 1097 2641 1177 2690; x_wconf 86' lang='grc' dir='ltr'>αίσθά-</span> 
     </span>
     <span class='ocr_line' id='line_1_77' title="bbox 684 2707 1178 2770; baseline -0.016 -10"><span class='ocrx_word' id='word_1_382' title='bbox 684 2729 751 2770; x_wconf 83' lang='grc' dir='ltr'>μενος</span> <span class='ocrx_word' id='word_1_383' title='bbox 778 2713 817 2760; x_wconf 87' lang='grc' dir='ltr'>καί</span> <span class='ocrx_word' id='word_1_384' title='bbox 845 2713 893 2758; x_wconf 82' lang='grc' dir='ltr'>τῶν</span> <span class='ocrx_word' id='word_1_385' title='bbox 914 2710 1039 2770; x_wconf 78' lang='grc' dir='ltr'>στρεπτῶν</span> <span class='ocrx_word' id='word_1_386' title='bbox 1068 2707 1107 2754; x_wconf 93' lang='grc' dir='ltr'>καί</span> <span class='ocrx_word' id='word_1_387' title='bbox 1129 2707 1178 2752; x_wconf 81' lang='grc' dir='ltr'>τῶν</span> 
     </span>
     <span class='ocr_line' id='line_1_78' title="bbox 687 2771 1177 2839; baseline -0.01 -15"><span class='ocrx_word' id='word_1_388' title='bbox 687 2778 776 2839; x_wconf 81' lang='grc' dir='ltr'>ψελίων</span> <span class='ocrx_word' id='word_1_389' title='bbox 786 2773 1041 2824; x_wconf 79' lang='grc' dir='ltr'>τδκάλλος...Δικαίως</span> <span class='ocrx_word' id='word_1_390' title='bbox 1047 2789 1086 2829; x_wconf 88' lang='grc' dir='ltr'>μοι</span> <span class='ocrx_word' id='word_1_391' title='bbox 1096 2771 1177 2825; x_wconf 82' lang='grc' dir='ltr'>δοκεῖς,</span> 
     </span>
     <span class='ocr_line' id='line_1_79' title="bbox 686 2837 1177 2901; baseline -0.016 -12"><span class='ocrx_word' id='word_1_392' title='bbox 686 2841 766 2900; x_wconf 89' lang='grc' dir='ltr'>φάναι,</span> <span class='ocrx_word' id='word_1_393' title='bbox 780 2837 884 2901; x_wconf 84' lang='grc' dir='ltr'>ιδΚῦρε,</span> <span class='ocrx_word' id='word_1_394' title='bbox 896 2839 1010 2893; x_wconf 81' lang='grc' dir='ltr'>εὐδαίμων</span> <span class='ocrx_word' id='word_1_395' title='bbox 1022 2838 1088 2884; x_wconf 88' lang='grc' dir='ltr'>είναι.</span> <span class='ocrx_word' id='word_1_396' title='bbox 1118 2837 1177 2895; x_wconf 84' lang='grc' dir='ltr'>ἀγα-</span> 
     </span>
     <span class='ocr_line' id='line_1_80' title="bbox 685 2899 1174 2967; baseline -0.014 -12"><span class='ocrx_word' id='word_1_397' title='bbox 685 2908 724 2955; x_wconf 80' lang='grc' dir='ltr'>θδς</span> <span class='ocrx_word' id='word_1_398' title='bbox 739 2906 786 2967; x_wconf 81' lang='grc' dir='ltr'>γάρ</span> <span class='ocrx_word' id='word_1_399' title='bbox 803 2903 834 2952; x_wconf 80' lang='grc' dir='ltr'>ὢν</span> <span class='ocrx_word' id='word_1_400' title='bbox 851 2901 909 2964; x_wconf 73' lang='grc' dir='ltr'>ἀνὴρ</span> <span class='ocrx_word' id='word_1_401' title='bbox 926 2903 1075 2961; x_wconf 76' lang='grc' dir='ltr'>εὐδαιμονεῖς.</span> <span class='ocrx_word' id='word_1_402' title='bbox 1111 2899 1174 2961; x_wconf 83' lang='lat' dir='ltr'>[Cic.</span> 
     </span>
     <span class='ocr_line' id='line_1_81' title="bbox 683 2965 1178 3032; baseline -0.014 -13"><span class='ocrx_word' id='word_1_403' title='bbox 683 2969 733 3019; x_wconf 86' lang='lat' dir='ltr'>had</span> <span class='ocrx_word' id='word_1_404' title='bbox 745 2968 878 3019; x_wconf 87' lang='lat' dir='ltr'>translated</span> <span class='ocrx_word' id='word_1_405' title='bbox 891 2966 1054 3032; x_wconf 87' lang='lat' dir='ltr'>Xenophon&#39;s</span> <span class='ocrx_word' id='word_1_406' title='bbox 1066 2965 1178 3014; x_wconf 91' lang='lat' dir='ltr'>Oecono-</span> 
     </span>
     <span class='ocr_line' id='line_1_82' title="bbox 684 3027 1179 3096; baseline -0.014 -13"><span class='ocrx_word' id='word_1_407' title='bbox 684 3034 850 3084; x_wconf 89' lang='lat' dir='ltr'>micusinhis</span> <span class='ocrx_word' id='word_1_408' title='bbox 867 3033 953 3096; x_wconf 92' lang='lat' dir='ltr'>youth.</span> <span class='ocrx_word' id='word_1_409' title='bbox 987 3031 1043 3080; x_wconf 91' lang='lat' dir='ltr'>The</span> <span class='ocrx_word' id='word_1_410' title='bbox 1061 3029 1136 3078; x_wconf 86' lang='lat' dir='ltr'>Latin</span> <span class='ocrx_word' id='word_1_411' title='bbox 1153 3027 1179 3077; x_wconf 93' lang='lat' dir='ltr'>in</span> 
     </span>
     <span class='ocr_line' id='line_1_83' title="bbox 684 3092 1180 3161; baseline -0.014 -14"><span class='ocrx_word' id='word_1_412' title='bbox 684 3101 727 3147; x_wconf 89' lang='lat' dir='ltr'>the</span> <span class='ocrx_word' id='word_1_413' title='bbox 745 3099 808 3148; x_wconf 86' lang='lat' dir='ltr'>Cato</span> <span class='ocrx_word' id='word_1_414' title='bbox 825 3099 908 3147; x_wconf 89' lang='lat' dir='ltr'>Maior</span> <span class='ocrx_word' id='word_1_415' title='bbox 923 3097 945 3146; x_wconf 90' lang='lat' dir='ltr'>is</span> <span class='ocrx_word' id='word_1_416' title='bbox 961 3095 1082 3161; x_wconf 86' lang='lat' dir='ltr'>probably</span> <span class='ocrx_word' id='word_1_417' title='bbox 1094 3092 1180 3156; x_wconf 86' lang='lat' dir='ltr'>nearly</span> 
     </span>
     <span class='ocr_line' id='line_1_84' title="bbox 684 3155 1153 3220; baseline -0.015 -8"><span class='ocrx_word' id='word_1_418' title='bbox 684 3163 837 3213; x_wconf 85' lang='lat' dir='ltr'>transcribed</span> <span class='ocrx_word' id='word_1_419' title='bbox 848 3163 911 3211; x_wconf 84' lang='lat' dir='ltr'>from</span> <span class='ocrx_word' id='word_1_420' title='bbox 923 3161 977 3210; x_wconf 85' lang='lat' dir='ltr'>that</span> <span class='ocrx_word' id='word_1_421' title='bbox 988 3155 1153 3220; x_wconf 84' lang='lat' dir='ltr'>translation]</span> 
     </span>
    </p>
   </div>
   <div class='ocr_carea' id='block_1_13' title="bbox 685 3251 1180 3376">
    <p class='ocr_par' dir='ltr' id='par_1_13' title="bbox 685 3251 1180 3376">
     <span class='ocr_line' id='line_1_85' title="bbox 685 3251 1180 3331; baseline -0.014 -16"><span class='ocrx_word' id='word_1_422' title='bbox 685 3266 837 3331; x_wconf 88' lang='lat' dir='ltr'>Xenophon,</span> <span class='ocrx_word' id='word_1_423' title='bbox 847 3262 996 3327; x_wconf 80' lang='lat' dir='ltr'>Cyropaedia</span> <span class='ocrx_word' id='word_1_424' title='bbox 1006 3273 1068 3311; x_wconf 77' lang='lat' dir='ltr'>V111.</span> <span class='ocrx_word' id='word_1_425' title='bbox 1080 3251 1102 3324; x_wconf 67' lang='grc' dir='ltr'>ἢ,</span> <span class='ocrx_word' id='word_1_426' title='bbox 1118 3273 1180 3322; x_wconf 81' lang='lat'>17-</span> 
     </span>
     <span class='ocr_line' id='line_1_86' title="bbox 914 3342 952 3376; baseline 0 0"><span class='ocrx_word' id='word_1_427' title='bbox 914 3342 952 3376; x_wconf 81' lang='lat' dir='ltr'>aa.</span> 
     </span>
    </p>
   </div>
   <div class='ocr_carea' id='block_1_14' title="bbox 735 3409 1179 3477">
    <p class='ocr_par' dir='ltr' id='par_1_14' title="bbox 735 3409 1179 3477">
     <span class='ocr_line' id='line_1_87' title="bbox 735 3409 1179 3477; baseline -0.016 -13"><span class='ocrx_word' id='word_1_428' title='bbox 735 3417 763 3464; x_wconf 89' lang='grc' dir='ltr'>οῦ</span> <span class='ocrx_word' id='word_1_429' title='bbox 772 3412 821 3477; x_wconf 77' lang='grc' dir='ltr'>γάρ</span> <span class='ocrx_word' id='word_1_430' title='bbox 833 3413 908 3472; x_wconf 75' lang='grc' dir='ltr'>δίγκου</span> <span class='ocrx_word' id='word_1_431' title='bbox 919 3409 990 3460; x_wconf 79' lang='grc' dir='ltr'>ταῦτά</span> <span class='ocrx_word' id='word_1_432' title='bbox 1003 3427 1034 3472; x_wconf 76' lang='grc' dir='ltr'>γε</span> <span class='ocrx_word' id='word_1_433' title='bbox 1049 3410 1132 3469; x_wconf 73' lang='grc' dir='ltr'>σαφοῦς</span> <span class='ocrx_word' id='word_1_434' title='bbox 1143 3410 1179 3458; x_wconf 82' lang='grc' dir='ltr'>δα·</span> 
     </span>
    </p>
   </div>
   <div class='ocr_carea' id='block_1_15' title="bbox 1005 3593 1100 3634">
    <p class='ocr_par' dir='ltr' id='par_1_15' title="bbox 1005 3593 1100 3634">
     <span class='ocr_line' id='line_1_88' title="bbox 1005 3593 1100 3634; baseline -0.032 0"><span class='ocrx_word' id='word_1_435' title='bbox 1005 3593 1100 3634; x_wconf 80' lang='lat'>12-2</span> 
     </span>
    </p>
   </div>
   <div class='ocr_carea' id='block_1_16' title="bbox 0 0 1320 3867">
    <p class='ocr_par' dir='ltr' id='par_1_16' title="bbox 0 0 1320 3867">
     <span class='ocr_line' id='line_1_89' title="bbox 0 0 1320 3867; baseline 0 0"><span class='ocrx_word' id='word_1_436' title='bbox 0 0 1320 3867; x_wconf 95' lang='lat' dir='ltr'> </span> 
     </span>
    </p>
   </div>
  </div>
 </body>
</html>
