2625 3867
126 210 190 267 ΧΠ
205 204 256 287 41]
452 210 520 268 DE
547 210 830 274 SENECTUTE.
1093 237 1131 293 43

126 334 197 395 facit
217 346 284 395 acta
307 334 375 395 vita.
418 337 539 414 Semper
561 336 641 397 enim
669 338 700 397 in
725 338 770 397 his
794 340 898 401 studiis
921 340 1132 420 laboribusque

126 430 236 491 viventi
251 451 312 491 non
327 431 504 510 intellegitur
518 434 639 510 quando
654 433 778 511 obrepat
790 446 945 496 senectus:
966 436 1008 496 ita
1022 438 1132 498 sensim

126 528 191 589 sine
205 547 293 589 sensu
312 540 393 590 aetas
412 530 540 591 senescit
558 551 615 593 nec
634 532 733 593 subito
752 532 901 610 frangitur,
917 536 971 594 sed
990 534 1133 596 diuturni-

125 635 187 686 tate
200 626 399 705 exstinguitur.

98 752 110 789 5
184 725 257 783 XII.
301 724 439 800 Sequitur
465 724 550 785 tertia
568 724 746 803 vituperatio
765 724 934 800 senectutis,
961 730 1045 804 quod
1065 748 1130 789 eam
1146 731 1184 788 39

125 840 225 882 carere
252 822 356 881 dicunt
376 821 586 899 voluptatibus.
630 824 658 884 O
680 824 864 899 praeclarum
885 842 993 884 munus
1016 824 1129 898 aetatis,

125 916 150 977 si
164 917 286 993 quidem
300 917 332 977 id
346 918 439 978 aufert
453 937 471 976 a
485 917 580 991 nobis,
591 919 674 995 quod
689 929 734 978 est
747 917 779 978 in
792 918 997 979 adulescentia
1006 918 1131 980 vitiosis-

125 1013 251 1074 simum}
293 1013 427 1091 Accipite
447 1012 535 1087 enirn,
556 1014 663 1092 optimi
683 1016 897 1089 adulescentes,
917 1026 1048 1077 veterem
1069 1037 1132 1077 ora-

125 1096 239 1171 tionem
252 1111 400 1187 Archytae
415 1109 577 1185 Tarentini,
592 1111 693 1188 magni
707 1111 739 1170 in
752 1112 855 1188 primis
869 1122 898 1171 et
912 1115 1053 1189 praeclari
1066 1113 1129 1188 viri,

86 1242 110 1267 ιο
124 1207 287 1286 quaemihi
301 1208 408 1268 tradita
422 1219 467 1269 est
481 1228 550 1267 cum
564 1228 661 1270 essem
682 1210 857 1270 adulescens
871 1210 993 1270 Tarenti
1007 1231 1076 1271 cum
1092 1214 1129 1289 Q.

125 1304 267 1366 Maximo.
310 1306 431 1366 Nullam
459 1306 661 1384 capitaliorem
688 1319 804 1385 pestem
831 1329 921 1385 quam
947 1312 1130 1387 voluptatem

124 1403 255 1481 corporis
273 1404 443 1464 hominibus
461 1403 580 1466 dicebat
594 1425 612 1465 a
626 1416 731 1465 natura
748 1408 858 1480 datam,
874 1406 958 1467 cuius
972 1408 1130 1484 voluptatis

124 1499 229 1563 avidae
237 1499 374 1561 libidines
383 1511 493 1561 temere
502 1512 531 1561 et
542 1504 688 1564 ecfrenate
699 1504 738 1563 ad
746 1504 922 1580 potiendum
930 1504 1127 1565 incitarentur.
1180 1552 1266 1597 ἧς.

125 1599 208 1659 Hinc
221 1598 333 1677 patriae
347 1599 539 1676 proditiones,
555 1598 625 1658 hinc
643 1619 740 1660 rerum
754 1601 938 1677 publicarum
953 1602 1128 1675 eversiones,
1143 1602 1183 1660 40

65 1696 194 1765 ·15hlnc
221 1716 290 1757 cum
316 1695 452 1757 hostibus
487 1694 674 1756 clandestina
700 1697 850 1773 colloquia
884 1697 979 1772 nasci;
1014 1700 1129 1758 nullum

123 1793 254 1871 denique
274 1793 377 1866 scelus,
392 1792 506 1851 nullum
527 1794 637 1851 malum
656 1792 770 1853 facinus
791 1813 864 1869 esse,
880 1796 920 1854 ad
938 1796 1021 1872 quod
1039 1796 1130 1857 susci·

123 1892 267 1968 piendum
294 1909 356 1950 non
381 1888 474 1949 libido
495 1889 655 1966 voluptatis
677 1889 855 1967 impelleret3
886 1903 988 1969 stupra
1008 1912 1078 1955 vero
1098 1905 1129 1956 et

123 1986 267 2048 adulteria
281 1996 310 2047 et
325 2004 414 2047 omne
429 1985 488 2045 tale
506 1984 650 2062 flagitium
664 1986 752 2045 nullis
769 1985 889 2046 excitari
903 1986 967 2046 aliis
981 1987 1128 2049 illecebris

124 2082 180 2143 nisi
199 2082 377 2159 voluptatis,
400 2100 529 2157 cumque
549 2081 664 2142 homini
684 2081 746 2143 sive
762 2093 867 2143 natura
885 2082 946 2144 sive
966 2085 1032 2162 quis
1053 2087 1127 2146 deus

82 2214 108 2241 ω
120 2180 195 2240 nihil
202 2190 302 2239 mente
311 2178 515 2255 praestabilius
529 2179 669 2252 dedisset,
682 2178 751 2239 huic
762 2179 863 2240 divino
872 2181 988 2240 muneri
998 2201 1034 2241 ac
1045 2182 1128 2243 dono

123 2277 197 2339 nihil
223 2289 285 2338 tam
312 2296 378 2338 esse
404 2276 559 2336 inimicum
587 2295 678 2353 quam
705 2278 896 2353 voluptatem.
953 2278 1020 2337 Nec
1047 2278 1127 2338 enim
1141 2280 1175 2337 41

122 2376 245 2436 libidine
260 2373 435 2434 dominante
456 2373 669 2451 temperantiae
683 2375 783 2434 locum
804 2394 877 2448 esse,
892 2394 990 2452 neque
1004 2377 1127 2437 omnino

122 2473 153 2532 in
173 2470 332 2548 voluptatis
352 2490 445 2547 regno
471 2469 609 2530 virtutem
630 2489 719 2547 posse
741 2470 910 2531 consistere.
954 2473 1046 2548 Quod
1066 2493 1127 2550 quo

122 2568 216 2646 magis
230 2567 360 2644 intellegi
374 2577 483 2645 posset,
499 2569 609 2644 fingere
623 2567 725 2628 animo
743 2566 865 2628 iubebat
877 2578 960 2627 tanta
974 2568 1127 2629 incitatum

82 2699 106 2736 25
121 2667 250 2744 aliquem
271 2667 423 2742 voluptate
444 2664 583 2741 corporis
600 2676 711 2742 quanta
732 2664 842 2741 percipi
863 2677 964 2741 posset
984 2664 1126 2725 maxima:

122 2761 233 2823 nemini
247 2764 388 2822 censebat
401 2763 464 2821 sore
478 2761 601 2821 dubium
613 2761 686 2838 quin
700 2771 762 2821 tam
776 2761 836 2835 diu,
847 2764 919 2822 dum
927 2761 968 2821 ita
975 2763 1125 2839 gauderet,

122 2858 195 2919 nihil
208 2857 317 2935 agitare
338 2868 446 2931 mente,
462 2856 535 2915 nihil
554 2855 676 2930 ratione,
692 2855 765 2915 nihil
782 2855 963 2932 cogitatione
983 2857 1126 2934 consequi

122 2965 229 3033 posset.
274 2953 423 3029 Quocirca
439 2953 514 3013 nihil
533 2970 598 3015 esse
620 2964 681 3013 tam
702 2953 878 3014 detestabile
898 2964 1019 3030 tamque
1039 2953 1127 3031 pesti·
1229 3033 1234 3038 ι

122 3054 215 3113 ferum
229 3070 320 3127 quam
334 3052 528 3127 voluptatem,
543 3049 568 3110 si
583 3049 706 3127 quidem
727 3069 771 3123 ea,
787 3069 855 3108 cum
874 3048 969 3109 maior
989 3059 1066 3109 esset
1085 3060 1126 3109 at·

83 3180 107 3218 30
121 3166 179 3224 que
201 3145 337 3223 longior,
350 3164 439 3206 omne
463 3144 554 3205 animi
576 3146 678 3205 lumen
699 3144 905 3221 exstingueret.
949 3146 1036 3203 Haec
1056 3164 1126 3203 cum

121 3246 157 3307 C.
180 3242 288 3304 Pontio
309 3241 450 3315 Samnite,
467 3252 550 3319 patre
572 3242 644 3314 eius,
665 3261 683 3302 a
703 3260 764 3318 quo
785 3240 924 3302 Caudino
943 3240 1057 3317 proelio
1075 3243 1124 3318 Sp.

123 3338 291 3402 Postumius
301 3342 336 3399 T.
348 3339 487 3399 Veturius
498 3341 635 3399 consules
646 3338 776 3415 superati
787 3348 863 3411 sunt,
875 3340 1008 3398 locutum
1017 3341 1125 3416 Archy-

122 3449 182 3497 tam
192 3436 345 3495 Nearchus
354 3434 532 3493 Tarentinus
542 3436 651 3509 hospes
661 3446 769 3506 noster,
782 3432 833 3509 qui
844 3433 876 3491 in
885 3433 1015 3493 amicitia
1022 3435 1125 3511 populi
