2625 3867
134 145 172 219 38
486 144 602 205 curo
629 145 780 204 Maron
990 142 1135 222 [v11125

192 273 284 331 VIII.
328 276 366 333 Et
386 272 490 333 melius
506 274 653 334 Caecilius
674 275 714 334 de
735 293 807 333 sene
827 271 912 333 alteri
933 258 1051 332 saeculo
1072 290 1138 348 pro

133 366 285 445 spiciente,
300 388 390 446 quam
404 370 478 431 illud
493 369 588 432 idem:

240 512 336 585 edepol,
359 518 486 585 senectus,
507 513 536 569 si
554 512 601 571 nil
616 513 767 587 quicquum
788 511 876 569 aliud
892 510 948 568 viti

237 606 367 682 arbones
384 615 481 680 tecum,
502 626 565 665 cum
585 609 710 680 aduenis,
734 626 824 664 unum
845 607 879 664 id
894 614 942 664 sat
960 610 1006 677 est,

232 704 310 777 quod
325 704 377 762 diu
397 705 515 764 vivendo
535 706 626 762 multa
646 724 720 779 quas
738 725 794 764 non
815 706 874 763 volt
893 706 975 762 videt.
1164 731 1177 771 3

136 849 176 907 Et
196 849 291 908 multa
310 850 434 911 fortasse
458 869 535 927 quae
553 852 624 924 volt,
645 861 735 927 atque
758 851 788 909 in
811 870 856 924 ea,
877 870 953 927 quae
978 870 1039 909 non
1064 851 1134 920 volt,
1294 835 1298 906 l

135 965 223 1023 saepe
237 945 326 1007 etiam
339 947 542 1008 adulescentia
555 948 686 1007 incurrit.
718 949 799 1008 Illud
809 967 879 1008 vero
894 946 974 1007 idem
990 946 1137 1007 Caecilius

136 1040 281 1108 vitiosius=

228 1191 290 1241 tum
311 1183 433 1258 equidem
454 1184 485 1241 in
504 1190 607 1243 senecta
627 1183 679 1243 hoc
696 1185 794 1258 deputo
814 1182 1014 1256 maberrimum

229 1283 332 1338 sentr're
349 1300 381 1339 ca
400 1287 490 1339 aetate
507 1289 615 1355 eumpse
634 1299 691 1338 csse
708 1282 834 1339 odiosum
855 1280 946 1339 alteri.
1153 1308 1179 1337 ιο

85 1424 122 1482 26
138 1426 306 1485 Iucundum
324 1425 422 1503 potius
441 1444 530 1501 quam
549 1425 702 1485 odiosuml
743 1427 787 1487 Ut
801 1424 880 1484 eninr
898 1424 1138 1485 adulescentibus

137 1522 216 1581 bona
236 1520 336 1582 indole
357 1520 497 1599 praeditis
515 1521 664 1598 saplentes
678 1540 764 1581 senes
778 1523 970 1595 delectantur,
985 1522 1137 1599 leviorque

137 1618 170 1678 fit
189 1628 325 1678 senectus
340 1637 442 1678 eorum
455 1618 506 1695 qui
520 1638 538 1677 a
551 1617 703 1678 iuventute
717 1619 854 1677 coluntur
867 1628 897 1679 et
910 1618 1079 1695 diliguntur,
1095 1619 1138 1680 sic

137 1714 341 1774 adulescentes
364 1733 468 1775 senum
486 1712 652 1790 praeceptis
670 1715 809 1790 gaudent,
825 1714 931 1791 quibus
945 1716 984 1775 ad
997 1715 1137 1775 virtutum

139 1810 236 1871 studia
249 1812 405 1884 ducuntur,
427 1829 484 1872 nec
504 1809 603 1870 minus
625 1794 766 1886 intellego
786 1830 834 1871 me
850 1812 934 1871 vobis
953 1831 1044 1889 quam
1066 1813 1139 1873 mihi
1154 1843 1178 1882 ις

138 1927 191 1968 vos
218 1927 282 1967 esse
309 1907 464 1967 iucundos.
507 1908 567 1967 Sed
591 1905 707 1978 videtis,
730 1916 762 1965 ut
789 1916 927 1966 senectus
955 1926 1017 1967 uon
1045 1909 1138 1968 modo

138 2006 278 2083 languida
300 2017 390 2082 atque
411 2004 489 2065 iners
512 2023 574 2063 non
598 2004 644 2078 sit,
664 2022 767 2063 verum
791 2004 879 2064 etiam
904 2004 942 2064 sit
964 2024 1090 2081 operosa
1108 2018 1139 2067 et

139 2122 255 2180 semper
267 2121 358 2180 agens
372 2100 484 2177 aliquid
499 2111 528 2160 et
542 2099 678 2173 moliens,
692 2102 751 2158 tale
765 2098 884 2174 scilicet,
894 2102 982 2177 quale
996 2103 1138 2178 cuiusque

139 2200 270 2260 studium
292 2200 323 2259 in
343 2198 493 2275 superiore
514 2196 574 2257 vita
595 2196 657 2256 suit.
702 2196 792 2271 Quid,
807 2196 859 2272 qui
872 2197 962 2257 etiam
981 2200 1139 2261 addiscunt

138 2294 258 2373 aliquid,
274 2306 307 2355 ut
327 2306 357 2355 et
378 2296 520 2355 Solonem
541 2293 674 2354 versibus
692 2293 868 2370 gloriantem
882 2295 1027 2369 videmus,
1043 2297 1094 2372 qui
1108 2317 1140 2357 se
1154 2330 1179 2357 ω

139 2392 248 2453 cotidie
262 2391 373 2468 aliquid
387 2390 590 2451 addiscentem
605 2387 678 2449 dicit
692 2408 793 2449 senem
807 2389 878 2463 fieri,
894 2401 924 2450 et
937 2410 994 2468 ego
1006 2391 1072 2465 feci,
1088 2392 1140 2469 qui

139 2492 249 2550 litteras
268 2491 397 2550 Graecas
419 2505 511 2546 senex
532 2485 630 2561 didici,
647 2505 721 2562 quas
735 2484 857 2562 quidem
876 2484 918 2545 sic
932 2484 1018 2545 avide
1032 2488 1139 2565 arripui

139 2586 223 2663 quasi
237 2586 405 2647 diuturnam
419 2583 497 2645 sitim
512 2586 628 2661 explere
642 2582 774 2660 cupiens,
790 2593 823 2642 ut
838 2602 873 2643 ea
890 2581 955 2659 ipsa
973 2583 1047 2643 mihi
1068 2598 1140 2645 nota

140 2694 246 2759 essent,
271 2680 376 2759 quibus
400 2702 449 2743 me
472 2700 552 2740 nunc
574 2679 717 2756 exemplis
738 2680 781 2739 uti
803 2678 917 2740 videtis.
961 2682 1053 2755 Quod
1072 2701 1140 2742 cum

139 2778 243 2839 fecisse
264 2781 404 2839 Socraten
427 2777 458 2836 in
479 2777 588 2837 fidibus
610 2776 753 2850 audirem,
768 2777 874 2835 vellem
893 2777 1033 2853 equidem
1052 2779 1141 2839 etiam
1156 2810 1179 2847 ις

139 2876 222 2949 illud,
237 2873 392 2936 discebant
406 2872 486 2933 enim
499 2871 608 2932 fidibus
622 2870 746 2948 antiqui,
761 2872 815 2931 sed
829 2871 860 2930 in
874 2870 977 2933 litteris
991 2886 1069 2933 certe
1085 2875 1140 2934 ela-

140 2974 249 3037 boravi.

87 3076 124 3135 27
200 3076 254 3134 ΙΧ,
284 3075 331 3133 Ne
346 3091 427 3131 nunc
441 3068 562 3146 quidem
573 3066 641 3127 viris
656 3064 793 3127 desidero
807 3065 1012 3139 adulescentis,
1024 3066 1049 3127 is
1059 3068 1140 3129 enim

139 3182 201 3235 erat
214 3174 297 3231 locus
308 3172 381 3231 alter
391 3171 430 3230 de
439 3167 517 3229 vitiis
531 3167 700 3237 senectutis,
713 3184 774 3225 non
789 3167 956 3243 plusquam
967 3167 1141 3229 adulescens

139 3270 215 3331 tauri
228 3281 279 3329 aut
293 3265 444 3344 elephanti
459 3263 670 3326 desiderabam.
715 3262 803 3339 Quod
820 3274 872 3339 est,
889 3283 925 3325 eo
945 3266 1033 3327 decet
1050 3267 1094 3327 uti
1113 3279 1143 3330 et
1156 3302 1180 3340 ,ο

140 3367 286 3446 quidquid
304 3364 365 3443 agis
382 3383 468 3442 agere
481 3383 535 3441 pro
549 3361 667 3422 viribus.
705 3361 790 3437 Quae
801 3360 881 3421 enim
891 3382 950 3423 vox
963 3375 1063 3441 potest
1076 3386 1142 3427 esse
