2625 3867
139 234 250 291 XXIII
268 230 319 311 85¹]
463 233 530 289 DE
558 232 838 291 SENECTUTE.
1105 253 1143 311 59

118 358 268 432 ¹videndi,
291 378 390 435 neque
410 378 480 419 vero
503 377 555 418 eos
578 360 675 418 solum
698 357 857 440 convenire
878 380 964 432 aveo,
985 381 1060 438 quos
1083 361 1145 438 ipse

138 459 272 536 cognovi,
288 459 341 518 sed
356 458 422 517 illos
437 457 534 532 etiam,
550 460 589 519 de
603 458 713 534 quibus
727 457 826 516 audivi
841 468 871 517 et
884 458 943 535 legi
956 470 986 519 et
999 458 1063 535 ipse
1076 478 1146 518 con·

138 556 259 632 scripsi;
287 573 348 631 quo
376 554 499 630 quidem
528 574 577 613 me
604 553 842 631 proficiscentem
868 554 950 613 haud
978 572 1049 613 sane
1072 554 1146 630 quid

51 692 53 697 ,
137 651 223 711 facile
238 650 396 724 retraxerit,
418 670 475 710 nec
495 660 648 726 tamquam
668 649 771 709 Pelian
791 648 943 709 recoxerit
987 651 1027 708 Et
1040 648 1065 707 si
1079 649 1146 725 quis

111 778 123 816 5
138 748 210 808 deus
225 747 297 805 mihi
317 747 455 823 largiatur
469 757 502 806 ut
515 766 553 806 ex
572 747 628 805 hac
643 757 740 806 aetate
754 764 958 822 repuerascam
972 756 1003 805 et
1016 746 1048 805 in
1061 747 1146 807 cunis

138 845 262 921 vagiam,
278 846 364 904 valde
378 863 522 915 recusem,
538 862 594 904 nec
608 862 679 903 vero
692 841 782 903 velim
801 842 885 919 quasi
903 844 1029 903 decurso
1047 844 1145 921 spatio

138 942 176 1000 ad
199 929 331 1002 carceres
353 960 372 999 a
394 941 476 1001 calce
496 940 635 1000 revocari.
680 939 762 1015 Quid
781 940 871 999 habet
890 939 969 999 enim
988 939 1049 999 vita
1066 961 1146 1001 com·
1159 943 1199 1001 84

139 1038 239 1099 modi?
281 1038 363 1113 Quid
382 1057 443 1097 non
457 1038 556 1115 potius
570 1037 698 1097 laboris?
739 1039 800 1099 Sed
819 1038 928 1098 habeat
950 1058 1035 1113 sane,
1055 1040 1146 1100 habet

138 1148 217 1198 certe
239 1148 339 1197 tamen
363 1148 415 1196 aut
440 1136 605 1197 satietatem
630 1148 681 1195 aut
703 1138 836 1196 modum.
880 1138 951 1195 Non
972 1136 1045 1196 libet
1065 1138 1144 1197 enim

99 1266 123 1293 ω
136 1235 209 1293 mihi
223 1236 377 1311 deplorare
391 1233 490 1308 vitam,
507 1234 589 1309 quod
603 1232 689 1293 multi
705 1244 735 1292 et
749 1233 777 1292 ei
793 1232 873 1292 docti
895 1252 984 1310 saepe
1003 1235 1144 1307 fecerunt,

137 1351 236 1407 neque
250 1351 299 1391 me
313 1330 419 1390 vixisse
436 1330 576 1407 paenitet,
594 1328 737 1406 quoniam
760 1329 801 1388 ita
820 1328 888 1402 vixi,
903 1340 937 1389 ut
958 1348 1020 1389 non
1042 1332 1147 1392 frustra

138 1449 187 1490 me
201 1440 303 1489 natum
318 1428 491 1501 existimem,
502 1439 531 1488 et
546 1448 582 1489 ex
596 1428 657 1486 vita
671 1427 712 1486 ita
726 1426 849 1487 discedo
864 1438 1016 1503 tamquam
1030 1447 1067 1487 ex
1080 1430 1146 1488 hos·

139 1526 220 1603 pitio,
249 1546 311 1586 non
339 1537 492 1602 tamquam
516 1544 533 1585 e
561 1526 673 1598 domo,
700 1523 905 1583 commorandi
934 1523 1013 1583 enim
1042 1536 1146 1585 natura

138 1623 333 1683 divorsorium
348 1622 442 1697 nobis,
460 1642 520 1682 uon
534 1620 689 1681 habitandi
704 1620 793 1681 dedit
826 1622 854 1681 O
869 1623 1051 1696 praeclarum
1065 1623 1144 1683 diem

98 1750 122 1788 ις
136 1740 205 1779 cum
227 1720 257 1779 in
279 1720 351 1780 illud
375 1718 509 1779 divinum
523 1718 691 1778 animorum
708 1718 868 1778 concilium
888 1729 1068 1797 coetumque
1081 1742 1146 1797 pro

138 1816 252 1875 ficiscar
265 1836 394 1892 cumque
408 1836 444 1876 ex
462 1818 519 1873 hac
537 1815 624 1875 turba
638 1825 668 1874 et
682 1815 850 1875 colluvione
864 1817 1032 1877 discedam!
1074 1820 1146 1877 Pro-

139 1913 252 1972 ficiscar
274 1912 354 1973 enirn
377 1931 438 1971 non
461 1913 499 1971 ad
523 1930 574 1971 eos
594 1912 691 1970 solum
710 1910 796 1985 viros,
817 1912 856 1971 de
869 1912 977 1988 quibus
990 1923 1060 1973 ante
1074 1912 1143 1987 dixi,

139 2027 240 2068 verum
255 2008 344 2068 etiam
358 2008 398 2067 ad
413 2009 561 2069 Catonem
579 2026 688 2080 meum,
705 2025 766 2082 quo
780 2025 870 2065 nemo
884 2005 928 2065 vir
941 2006 1045 2068 melior
1059 2020 1145 2067 natus

138 2117 191 2179 est,
207 2125 297 2167 nemo
311 2105 422 2184 pictate
439 2103 642 2181 praestantior,
659 2103 742 2162 cuius
756 2123 774 2163 a
793 2121 842 2163 me
856 2122 963 2181 corpus
977 2115 1022 2164 est
1035 2124 1145 2165 crema·

96 2236 123 2262 ,ο
136 2215 210 2277 tum,
225 2204 308 2280 quod
322 2214 425 2262 contra
439 2200 538 2261 decuit
552 2201 590 2260 ab
606 2200 656 2259 illo
677 2219 787 2273 meum,
807 2200 923 2259 animus
938 2220 1007 2261 vero
1021 2221 1083 2261 non
1096 2222 1146 2263 me

138 2302 277 2361 deserens
298 2303 351 2360 sed
373 2308 551 2375 respectans,
576 2296 606 2357 in
628 2317 663 2356 ea
687 2298 820 2373 profecto
843 2299 911 2357 loca
930 2297 1064 2358 discessit
1084 2318 1145 2374 quo

138 2396 210 2455 mihi
223 2395 280 2471 ipsi
294 2395 433 2455 cernebat
447 2413 512 2454 esse
523 2392 713 2453 veniendum.
745 2393 844 2466 Quem
858 2412 913 2470 ego
928 2412 1028 2453 meum
1043 2413 1144 2453 casum

138 2491 249 2562 sortiter
263 2493 336 2552 serre
350 2490 428 2550 visus
442 2510 517 2560 sum,
527 2508 589 2549 non
600 2507 662 2564 quo
675 2507 771 2564 aequo
786 2488 887 2547 animo
900 2489 1015 2561 ferrem,
1030 2491 1083 2550 sed
1098 2511 1146 2551 me

138 2589 202 2665 ipse
216 2589 391 2648 consolabar
405 2586 574 2648 existimans
589 2605 651 2645 non
665 2585 861 2662 longinquom
880 2585 1024 2646 internos
1039 2588 1145 2664 digres

97 2716 121 2753 ας
136 2704 202 2744 sum
217 2695 246 2745 et
261 2683 424 2743 discessum
437 2684 507 2743 fore.

199 2780 258 2839 His
281 2778 352 2838 mihi
374 2780 470 2851 rebus,
494 2777 603 2854 Scipio,
619 2776 650 2838 id
671 2776 751 2837 euim
764 2787 795 2838 te
808 2797 877 2836 cum
892 2778 994 2839 laelio
1008 2779 1145 2839 admirari
1160 2780 1198 2838 ⁸⁵

138 2882 233 2941 solere
247 2878 352 2953 dixisti,
368 2879 441 2940 levis
455 2864 500 2939 est
514 2889 660 2952 senectus,
676 2898 733 2939 nec
746 2881 843 2939 solum
863 2899 924 2939 non
943 2884 1076 2952 molesta,
1091 2885 1146 2943 sed

139 2975 228 3035 etiam
251 2975 389 3035 iucunda
434 2976 526 3050 Quod
545 2975 570 3034 si
589 2974 620 3033 in
634 2976 694 3035 hoc
708 2994 780 3049 erro,
796 2975 847 3052 qui
861 2975 976 3036 animos
990 2978 1145 3038 hominum

139 3072 311 3131 immortalis
334 3091 398 3131 esse
421 3073 550 3145 credam,
570 3072 696 3133 libenter
714 3091 779 3132 erro
801 3092 857 3132 nec
877 3072 949 3133 mihi
971 3075 1051 3133 hunc
1071 3094 1147 3134 erro

98 3200 124 3238 30
136 3189 207 3243 rem,
224 3188 285 3245 quo
300 3171 439 3242 delector,
455 3170 527 3228 dum
550 3168 626 3242 vivo,
649 3169 814 3246 extorqueri
836 3172 905 3229 volo
909 3190 918 3243 3
940 3169 984 3230 sin
1004 3183 1146 3245 mortuus,

139 3275 172 3324 ut
200 3264 322 3340 quidam
350 3263 455 3323 minuti
482 3263 653 3341 philosophi
676 3276 807 3340 censent,
832 3265 904 3324 nihil
927 3266 1060 3342 sentiam,
1084 3288 1146 3329 non

139 3379 242 3420 vereor
254 3379 293 3419 ne
307 3360 386 3420 huuc
401 3379 528 3419 errorem
544 3378 646 3420 meum
666 3360 859 3443 [philosophi]
875 3362 982 3422 mortui
998 3363 1145 3426 irrideant.

141 3458 232 3538 Quod
261 3457 286 3516 si
313 3477 374 3517 non
403 3476 504 3520 sumus
532 3456 713 3520 immortales
744 3458 843 3531 futuri,
872 3470 972 3521 tamen
1001 3462 1146 3539 exstingui
