2625 3867
147 183 184 257 56
498 184 614 243 CATO
641 186 792 244 MAIOR
1023 185 1095 266 [XX
1111 204 1147 265 75

146 312 308 386 voluerunt,
320 332 382 373 non
392 332 481 373 avom
494 323 576 373 tuum
592 316 625 373 L
639 315 772 388 Paulum,
782 311 834 391 qui
848 326 944 375 morte
957 314 1011 376 luit
1018 318 1150 395 collegae

145 407 177 467 in
204 410 356 471 Cannensi
383 411 546 489 ignominia
572 411 777 487 temeritatem,
802 433 864 473 non
893 417 936 474 M.
964 417 1148 490 Marcellum,

146 502 229 563 cuius
256 505 405 567 interitum
431 525 471 567 ne
503 506 722 569 crudelissimus
753 507 876 585 quidem
910 510 1004 572 hostis
1035 513 1150 573 honore

146 603 311 678 sepulturae
338 623 436 665 carere
463 623 566 682 passus
593 616 646 675 est,
676 606 731 665 sed
758 605 891 682 legiones
918 618 1042 680 nostras,
1067 609 1150 686 quod

146 697 248 775 scripsi
270 698 301 758 in
320 699 498 776 Originibus,
518 700 550 760 in
572 719 641 760 eum
663 702 763 761 locum
784 721 873 779 saepe
895 704 1041 779 profectas
1062 704 1150 764 alacri
1179 736 1192 771 ⁵

146 796 246 857 animo
262 808 290 858 et
309 809 416 872 erecto,
431 800 513 859 unde
532 818 564 859 se
581 798 726 859 redituras
748 819 911 876 numquam
931 800 1147 861 arbitrarentur.

148 894 239 969 Quod
257 894 344 972 igitur
361 896 574 968 adulescentes,
593 907 624 957 et
641 895 670 956 ei
692 896 815 972 quidem
835 916 898 957 uon
920 898 1016 956 solum
1036 896 1150 957 indocti

148 992 308 1053 sedetiam
327 994 427 1054 rustici
445 1004 649 1067 contemnunt,
673 993 705 1053 id
727 992 809 1056 docti
831 1012 918 1054 senes
941 993 1149 1054 extimescent?

93 1087 131 1167 76
147 1087 288 1162 Omnino,
311 1099 344 1148 ut
364 1089 436 1149 mihi
458 1089 579 1166 quidem
607 1088 733 1163 videtur,
753 1108 851 1149 rerum
873 1089 1008 1149 omnium
1030 1090 1148 1151 satietas

145 1183 223 1245 vitae
246 1186 317 1246 facit
345 1186 518 1246 satietatem
562 1187 636 1246 Sunt
658 1186 801 1263 pueritiae
826 1187 924 1247 studia
947 1198 1046 1249 certa:
1077 1208 1148 1248 num
1166 1221 1191 1247 ιο

146 1278 232 1355 igitur
246 1300 282 1340 ea
296 1281 465 1341 desiderant
477 1282 702 1341 adulescentes?
742 1283 816 1342 Sunt
838 1281 966 1342 ineuntis
980 1283 1149 1343 adulescen-

146 1376 217 1438 tiae:
232 1397 304 1436 num
319 1398 355 1438 ea
368 1389 507 1439 constans
521 1378 580 1438 iam
594 1378 715 1455 requirit
729 1368 819 1453 aetas,
829 1399 907 1456 quae
918 1380 1017 1440 media
1025 1379 1148 1440 dicitur?

147 1473 222 1532 Sunt
235 1472 323 1533 etiam
339 1473 402 1534 eius
416 1474 535 1534 aetatis:
556 1492 595 1534 ne
610 1493 646 1533 ea
660 1472 782 1551 quidem
796 1484 976 1549 quaeruntur
996 1474 1028 1534 in
1049 1494 1147 1535 senec-

146 1580 217 1631 tute.
259 1574 334 1633 Sunt
357 1582 487 1633 extrema
510 1574 659 1651 quaedam
683 1572 781 1633 studia
809 1572 982 1635 senectutis:
1011 1594 1090 1652 ergo,
1114 1586 1148 1636 ut

145 1669 328 1746 superiorum
356 1681 485 1731 aetatum
513 1669 611 1730 studia
639 1671 790 1743 occidunt,
819 1668 864 1729 sic
890 1671 1033 1730 occidunt
1060 1672 1149 1732 etiam
1165 1706 1190 1742 15

146 1769 305 1830 senectutis
311 1790 321 1843 ;
340 1771 506 1847 quodcum
520 1768 627 1843 evenit,
646 1767 765 1829 satietas
779 1767 856 1828 vitae
869 1779 987 1846 tempus
999 1780 1147 1829 maturum

146 1863 247 1925 mortis
261 1868 350 1925 affert

92 1961 130 2019 77
205 1964 290 2022 ΧΧΙ.
333 1964 403 2023 Non
420 1963 498 2024 enirn
512 1963 609 2037 video,
624 1982 685 2036 cur,
695 1962 769 2040 quid
780 1961 843 2039 ipse
856 1962 983 2024 seutiam
996 1966 1147 2037 demorte,

145 2079 206 2120 non
233 2062 360 2121 audeam
383 2061 468 2122 vobis
493 2062 600 2136 dicere,
625 2062 709 2138 quod
734 2080 771 2121 eo
795 2080 915 2122 cernere
943 2060 1016 2120 mihi
1042 2060 1148 2121 melius
1256 2136 1262 2148 .

144 2156 254 2230 videor,
277 2178 338 2235 quo
357 2161 396 2219 ab
419 2178 454 2219 ea
474 2158 594 2236 propius
615 2161 729 2219 absum.
774 2161 839 2237 Ego
855 2171 967 2220 vestros
988 2170 1094 2237 patres,
1115 2159 1147 2217 P.
1162 2189 1189 2227 ιο,

144 2252 244 2331 Scipio
258 2264 358 2331 tuque,
368 2257 401 2316 C.
419 2254 509 2328 Laeli,
519 2254 596 2315 viros
607 2255 784 2316 clarissimos
797 2256 930 2334 mihique
943 2255 1146 2328 amicissimos,

144 2348 240 2411 vivere
268 2350 391 2411 arbitror
414 2360 443 2411 et
467 2370 534 2411 eam
558 2349 681 2428 quidem
705 2350 806 2425 vitam,
832 2370 909 2428 quae
933 2362 977 2411 est
1001 2352 1065 2411 sola
1088 2349 1148 2410 vita

144 2444 333 2507 nominanda
377 2449 456 2507 Nam
480 2449 551 2508 dum
575 2467 677 2508 sumus
699 2447 805 2507 inclusi
829 2447 860 2507 in
884 2448 931 2508 his
953 2447 1147 2524 compagibus

144 2543 282 2620 corporis,
298 2563 420 2604 munere
434 2546 566 2622 quodam
580 2544 765 2605 necessitatis
783 2555 814 2605 et
831 2545 912 2622 gravi
925 2564 1015 2622 opere
1033 2546 1148 2621 perfun-

144 2639 247 2717 gimur,
276 2651 321 2701 est
349 2640 429 2702 enim
457 2640 573 2701 animus
601 2641 736 2702 caelestis
763 2661 800 2703 ex
827 2641 970 2702 altissimo
997 2640 1149 2701 domicilio
1163 2672 1187 2709 25

144 2739 300 2815 depressus
313 2748 342 2798 et
356 2736 440 2815 quasi
454 2738 606 2798 demersus
620 2738 650 2797 in
665 2749 781 2812 terrm,
791 2741 890 2798 locum
899 2737 1016 2798 divinae
1026 2749 1147 2798 naturae

144 2833 367 2911 aeternitatique
399 2834 588 2895 contrarium.
645 2837 705 2897 Sed
741 2837 831 2897 credo
867 2837 940 2896 deos
976 2834 1147 2896 immortalis

144 2921 283 3008 sparsisse
301 2932 417 2991 animos
440 2931 471 2990 in
492 2951 618 3009 corpora
643 2933 782 3005 humana,
804 2943 838 2991 ut
860 2942 960 2991 essent
982 2931 1035 3009 qui
1057 2943 1147 2993 terras

143 3039 294 3089 tuerentur
317 3028 427 3107 quique
450 3029 622 3089 caelestium
644 3029 780 3089 ordinem
799 3031 1038 3106 contemplantes
1056 3030 1148 3090 imita-

143 3134 242 3183 rentur
263 3143 332 3183 eum
353 3124 431 3184 vitae
454 3125 546 3186 modo
568 3134 656 3201 atque
680 3124 853 3184 constantia
897 3126 965 3183 Nec
985 3141 1034 3183 me
1053 3127 1149 3185 solum
1162 3156 1186 3193 ,ο

143 3220 216 3281 ratio
241 3240 275 3281 ac
299 3221 460 3299 disputatio
484 3222 602 3300 impulit
627 3232 660 3282 ut
685 3222 727 3281 ita
747 3223 908 3295 crederem,
934 3222 988 3282 sed
1010 3220 1148 3283 nobilitas

142 3320 231 3379 etiam
246 3339 427 3380 summorum
441 3321 687 3398 philosophorum
702 3330 732 3380 et
745 3320 912 3381 auctoritas

90 3417 129 3475 78
203 3416 370 3476 Audiebam
403 3419 590 3495 Pythagoran
621 3416 884 3495 Pythagoriosque,
912 3418 1026 3479 incolas
1053 3437 1148 3496 paene
1289 3458 1299 3493 ,
