2625 3867
162 190 220 247 xx
238 186 286 269 75]
479 190 545 247 DE
573 188 854 248 SENECTUTE.
1127 205 1164 264 55

160 329 193 378 ut
207 316 367 378 animosior
381 318 472 379 etiam
487 328 625 378 senectus
639 318 677 377 sit
691 337 781 393 quarn
796 315 998 377 adulescentia
1011 326 1042 376 et
1054 317 1164 377 sortior.

161 417 232 474 Hoc
253 414 327 474 illud
349 425 403 488 est,
418 416 501 490 quod
524 414 675 474 Pisistrato
689 425 814 490 tyranno
829 434 848 473 a
862 415 973 474 Solone
991 433 1167 491 responsum

160 523 213 585 est,
229 532 297 571 cum
312 512 354 571 illi
368 510 523 588 quaerenti
537 531 596 587 qua
613 511 736 571 tandem
754 531 786 570 re
805 512 895 571 fretus
918 509 974 571 sibi
995 521 1057 569 tam
1079 511 1168 570 auda·

160 606 402 667 citer-obsisteret
415 606 603 683 respondisse
617 604 726 666 dicitur
740 609 931 667 ‘senectute’.
974 608 1034 667 Sed
1048 605 1167 667 vivendi

133 730 146 769 ς
160 713 204 761 est
218 701 285 760 finis
299 703 438 779 optimus,
453 720 522 760 cum
541 700 654 777 integra
669 712 770 762 mente
784 701 929 777 certisque
943 700 1167 779 sensibusopus

160 799 225 875 ipsa
246 818 332 859 suum
355 801 461 860 eadem
483 818 560 876 quae
583 800 802 875 coagmentavit
820 811 924 861 natura
939 800 1079 862 dissolvit.
1123 804 1167 864 Ut

160 914 275 969 navem,
291 906 324 954 ut
337 894 506 954 aedificium
529 894 609 955 idem
632 894 758 955 destruit
778 895 918 957 facillime
931 897 982 974 qui
995 900 1166 972 constmxit,

161 992 203 1051 sic
216 992 369 1052 hominem
383 994 489 1053 eadem
503 992 615 1069 optime
629 1011 707 1067 quae
721 992 935 1069 conglutinavit
949 1004 1052 1054 natura
1066 997 1167 1056 dissol-

160 1089 209 1149 vit.
253 1092 318 1149 Iam
333 1088 430 1149 omnis
445 1088 659 1165 conglutinatio
674 1107 777 1149 recens
791 1108 885 1167 aegre,
901 1089 1064 1150 inveterata
1081 1092 1167 1152 facile

121 1220 146 1247 ιο
159 1188 312 1250 divellitur.
356 1191 404 1248 Ita
431 1188 463 1247 fit
491 1197 523 1246 ut
550 1187 624 1247 illud
645 1189 734 1246 breve
758 1186 835 1247 vitae
857 1187 979 1247 relicum
1001 1208 1058 1249 nec
1079 1188 1166 1249 avide

160 1288 362 1364 appetendum
385 1286 506 1347 senibus
527 1306 584 1345 nec
605 1284 668 1344 sine
689 1304 779 1345 causa
792 1287 991 1345 deserendum
1004 1286 1056 1358 sit;
1076 1297 1166 1347 vetat·
1180 1288 1219 1346 73

160 1406 220 1463 que
239 1387 420 1464 Pythagoras
442 1384 556 1443 iniussu
578 1383 771 1459 imperatoris,
787 1382 820 1443 id
833 1394 879 1443 est
893 1383 950 1455 dei,
966 1383 1005 1443 de
1019 1382 1165 1459 praesidio

161 1492 191 1541 et
218 1480 344 1541 statione
369 1479 447 1540 vitae
471 1480 624 1539 decedere.
669 1478 787 1537 Solonis
814 1477 934 1554 quidem
958 1477 1099 1555 sapientis
1122 1490 1167 1538 est

161 1577 298 1654 elogium,
313 1595 374 1651 quo
389 1595 421 1635 se
434 1585 524 1651 negat
537 1576 613 1633 velle
632 1592 717 1632 suam
737 1583 864 1632 mortem
883 1574 986 1633 dolore
1003 1572 1165 1633 amicorum

121 1703 145 1742 ιε
159 1684 188 1733 et
210 1672 347 1732 lamentis
368 1690 479 1731 vacare.
523 1671 604 1743 Volt,
625 1670 725 1742 credo,
743 1688 776 1728 se
793 1688 857 1728 esse
878 1688 979 1728 carum
996 1668 1063 1729 suis
1105 1670 1164 1729 Sed

160 1771 242 1831 haud
255 1769 317 1831 scio
331 1789 369 1829 an
383 1770 490 1829 melius
505 1769 632 1828 Ennius:

254 1930 331 1969 nemo
352 1932 395 1969 me
413 1912 549 1969 lacrumis
567 1912 676 1985 decoret,
698 1930 784 1986 neque
794 1910 905 1986 fitnera
914 1911 991 1985 fletu

287 2011 380 2087 faxit.

160 2156 231 2215 Non
245 2166 346 2215 censet
364 2157 523 2233 lugendam
540 2174 604 2216 esse
617 2166 754 2229 mortem,
770 2175 860 2233 quarn
878 2154 1083 2215 immortalitas
1096 2173 1165 2214 con-

120 2284 146 2312 ω
160 2263 305 2329 sequatur.
351 2255 417 2312 Iam
432 2272 536 2313 sensus
550 2253 696 2313 moriendi
710 2254 816 2330 aliquis
830 2272 893 2313 esse
907 2264 1015 2331 potest,
1030 2253 1113 2330 isque
1127 2253 1165 2311 ad
1179 2251 1219 2310 rt

160 2346 296 2423 exiguom
325 2357 451 2424 tempus,
480 2348 652 2425 praesertim
680 2348 763 2409 seni:
793 2360 862 2425 post
890 2360 1017 2409 mortem
1044 2348 1166 2424 quidem

160 2464 264 2505 sensus
277 2456 328 2505 aut
342 2448 492 2523 optandus
506 2457 558 2506 aut
572 2447 670 2505 nullus
685 2457 737 2506 est.
781 2448 842 2507 Sed
862 2446 921 2505 hoc
938 2446 1113 2505 meditatum
1127 2445 1166 2505 ab

159 2543 362 2604 adulescentia
382 2544 472 2604 debet
493 2563 567 2615 esse,
590 2554 717 2603 mortem
740 2554 772 2603 ut
793 2543 982 2619 neglegamus
988 2562 997 2614 ;
1021 2541 1085 2602 sine
1106 2561 1166 2618 qua

159 2640 355 2701 meditatione
369 2640 527 2717 tranquillo
538 2638 639 2699 animo
649 2660 713 2700 esse
728 2659 817 2699 nemo
831 2649 937 2716 potest
972 2639 1165 2699 Moriendum

120 2766 144 2803 2⁵
158 2736 237 2795 enim
252 2746 331 2795 certe
346 2747 399 2809 est,
415 2746 444 2795 et
465 2734 610 2795 incertum
625 2754 665 2794 an
678 2736 737 2795 hoc
750 2734 817 2811 ipso
832 2734 890 2794 die.
934 2737 1064 2794 Mortem
1079 2733 1166 2811 igitur

159 2832 298 2892 omnibus
317 2832 396 2892 horis
410 2832 635 2909 impendentem
655 2832 764 2892 timens
783 2831 836 2910 qui
854 2832 963 2909 poterit
981 2832 1083 2892 animo
1097 2852 1165 2892 con-

160 2933 280 2993 sistere?
322 2931 370 2990 De
397 2948 456 3005 qua
489 2948 551 2989 non
584 2928 625 2988 ita
652 2931 742 3007 longa
769 2928 969 3005 disputatione
997 2947 1073 3005 opus
1100 2949 1165 2990 esse
1179 2931 1218 2989 75

159 3027 283 3097 videtur,
295 3044 363 3084 cum
377 3025 517 3084 recordor
529 3042 592 3085 non
607 3026 639 3082 L.
652 3026 786 3096 Brutum,
796 3024 847 3101 qui
861 3024 892 3083 in
906 3023 1060 3084 liberanda
1073 3024 1167 3101 patria

160 3133 204 3181 est
218 3120 397 3193 interfectus,
412 3131 474 3179 non
488 3119 563 3179 duos
579 3118 699 3193 Decios,
711 3120 763 3196 qui
777 3120 817 3179 ad
830 3118 1026 3178 voluntariam
1040 3130 1165 3179 mortem

120 3254 145 3291 30
158 3240 276 3295 cursum
298 3238 443 3295 equorum
465 3218 671 3292 incitaverunt,
691 3238 754 3279 non
774 3221 817 3278 M.
833 3217 966 3290 Atilium,
982 3218 1033 3295 qui
1047 3220 1087 3279 ad
1100 3240 1165 3298 sup

159 3316 282 3395 plicium
296 3326 339 3375 est
354 3317 503 3393 profectus
521 3326 554 3375 ut
572 3316 664 3375 fidem
685 3316 764 3376 hosti
779 3318 878 3377 datam
895 3327 1089 3389 conservaret,
1104 3338 1163 3377 non

159 3413 235 3475 duos
250 3410 413 3491 Scipiones,
429 3410 479 3491 qui
494 3410 548 3470 iter
563 3409 672 3473 Poenis
685 3413 731 3474 vel
746 3410 920 3490 corporibus
933 3409 994 3474 suis
1012 3412 1165 3479 obstruere
