2625 3867
385 730 437 800 u.
476 726 648 799 Tucci
688 727 990 804 ciceronis

402 924 627 1032 CATO
695 924 975 1031 MAIOR

512 1163 570 1220 DE
597 1161 856 1220 SENECTUTE.

221 1444 243 1502 1.
344 1442 464 1513 OTite,
484 1438 513 1497 si
530 1438 604 1514 quid
618 1458 664 1514 ego
683 1439 800 1497 adiuero
819 1424 952 1497 uerouoe
968 1441 1074 1500 leuasse
1194 1443 1208 1498 1

338 1555 411 1611 quoe
427 1554 503 1593 nuuc
521 1542 547 1592 te
563 1536 656 1608 coquit
673 1542 701 1593 et
718 1540 814 1594 uersat
831 1534 863 1591 iu
875 1542 986 1609 pectore
993 1537 1072 1611 fixa,

338 1634 435 1708 ecquid
451 1634 508 1691 erit
517 1632 655 1707 praemi?

178 1768 262 1827 Licet
276 1766 355 1827 enim
369 1766 441 1825 mihi
456 1765 587 1827 versibus
602 1764 697 1826 isdem
715 1765 797 1825 affari
813 1777 851 1840 te,
867 1765 975 1839 Attice,
991 1766 1096 1843 quibus
1110 1769 1177 1826 affa-

41 1862 44 1869 ‘
150 1892 162 1930 ς
177 1874 223 1921 tur
236 1860 434 1921 Flamininum

336 2000 384 2057 ille
402 2000 451 2058 uir
468 1999 553 2057 haud
569 2018 671 2075 magua
691 2018 752 2057 uem
774 2018 811 2070 re,
831 2000 882 2057 sed
890 2000 996 2074 plenus
1005 2000 1085 2073 fidei,

175 2153 354 2211 quamquam
369 2144 449 2194 certo
464 2134 526 2194 scio
540 2153 610 2207 non,
625 2145 659 2194 ut
674 2134 880 2209 Flamininum,

333 2273 482 2331 sollicitari
499 2280 532 2345 te,
558 2274 625 2345 Tite,
647 2274 689 2331 sic
706 2279 846 2348 noctesque
863 2272 979 2348 diesque,

173 2410 242 2471 novi
257 2408 336 2469 enim
351 2409 584 2470 moderationem
599 2410 690 2469 animi
705 2410 748 2470 tui
763 2422 793 2471 et
808 2410 997 2488 aequitatem,
1010 2422 1099 2489 teque
1112 2432 1174 2473 non

134 2538 159 2566 ιο
171 2525 339 2583 cognomen
364 2509 460 2567 solum
482 2506 608 2568 Athenis
631 2509 811 2585 deportasse,
834 2511 887 2569 sed
910 2508 1123 2571 humanitatem
1144 2520 1175 2569 et

173 2604 360 2681 prudentiam
383 2604 529 2681 intellego.
573 2607 612 2664 Et
637 2615 737 2664 tamen
761 2616 792 2665 te
815 2604 948 2682 suspicor
969 2604 1065 2666 isdem
1087 2607 1174 2665 rebus

172 2698 280 2776 quibus
294 2721 342 2761 me
356 2700 451 2778 ipsum
466 2702 614 2761 interdum
628 2700 745 2777 gravius
761 2700 951 2775 commoveri,
967 2721 1092 2778 quarum
1106 2722 1175 2762 con-

173 2795 277 2857 solatio
298 2808 327 2857 et
348 2796 441 2857 maior
461 2807 506 2857 est
526 2808 556 2856 et
576 2796 608 2855 in
623 2796 711 2856 'aliud
731 2807 848 2874 tempus
869 2797 1040 2859 differenda
1083 2800 1174 2859 Nunc

172 2902 271 2952 autem
284 2891 380 2953 visum
395 2905 439 2953 est
453 2892 526 2952 mihi
540 2894 579 2953 de
592 2902 745 2951 senectute
759 2892 872 2969 aliquid
882 2894 921 2953 ad
936 2905 965 2954 te
979 2894 1171 2955 conscribere.

73 3035 75 3041 .
131 3020 156 3060 ις
170 2993 242 3051 Hoc
260 2990 339 3050 enim
358 3009 457 3063 onere,
476 2992 559 3067 quod
580 2988 651 3048 mihi
673 3009 833 3050 commune
853 3001 953 3051 tecum
974 3002 1027 3064 est,
1042 3002 1093 3051 aut
1113 2992 1207 3051 iam2

170 3086 300 3164 urgentis
320 3097 371 3146 aut
389 3098 469 3147 certe
487 3085 673 3147 adventantis
692 3085 853 3147 senectutis
872 3099 901 3148 et
919 3099 950 3149 te
967 3100 997 3149 et
1010 3108 1059 3149 me
1075 3088 1173 3166 ipsum

169 3184 259 3247 levari
280 3186 368 3246 volo:
389 3184 444 3245 etsi
465 3194 495 3245 te
517 3183 639 3261 quidem
661 3183 693 3243 id
715 3185 833 3245 modice
855 3205 891 3244 ac
913 3185 1069 3264 sapienter,
1096 3185 1173 3246 sicut

169 3279 278 3352 omnia,
294 3291 323 3341 et
341 3281 416 3341 serre
435 3291 464 3341 et
482 3282 609 3339 laturum
631 3298 696 3340 esse
718 3290 799 3340 certo
820 3280 890 3343 scio.
933 3284 993 3343 Sed
1007 3283 1088 3350 mihi,
1104 3302 1173 3343 cum

169 3363 208 3435 de
229 3384 380 3435 senectute
399 3376 506 3435 vellem
528 3373 641 3451 aliquid
664 3372 798 3449 scribere,
819 3385 851 3435 tu
872 3378 1045 3436 occurrebas
1065 3375 1172 3454 dignus
