2625 3867
149 246 194 304 VI
214 242 261 324 18]
480 247 546 303 DE
573 246 860 306 SENECTUTE.
1118 267 1154 325 35

209 375 263 431 VI.
306 376 334 432 A
349 375 436 434 rebus
450 376 587 451 gerendis
602 384 739 434 senectus
754 374 903 433 abstrahit.
938 374 1075 449 Quibus?
1107 378 1155 434 An

148 468 199 543 eis,
216 489 292 544 quae
307 470 458 531 iuventute
471 481 612 547 geruntur
626 481 656 529 et
670 470 799 530 viribus?
840 472 988 532 Nullaene
1003 470 1090 549 igitur
1109 491 1155 532 res

149 576 216 624 sunt
235 566 351 640 seniles,
374 585 451 642 quae
473 567 520 626 vel
539 565 663 625 infirmis
688 566 861 643 corporibus
880 552 983 627 animo
1003 578 1034 627 et
1053 580 1156 628 mente

149 664 414 725 administrentur?
458 664 542 724 Nihil
580 684 651 742 ergo
686 666 793 742 agebat
821 666 858 740 Q.
890 664 1047 740 Maximus,
1083 665 1156 725 nihil

121 763 181 827 sL.
211 763 321 821 Paulus
349 773 432 837 pater
453 772 529 835 tuus,
554 780 639 821 socer
661 760 767 837 optimi
790 760 844 821 viri
867 760 909 820 fili
936 760 1013 821 mei?
1054 763 1153 823 Ceteri

148 876 242 931 seneS,
259 858 386 917 Fabricii
401 857 483 919 Curii
498 857 687 929 Coruncanii,
702 876 772 915 cum
786 856 1013 934 rempublicam
1028 857 1153 918 consilio

147 965 177 1014 et
190 954 363 1015 auctoritate
379 956 589 1028 defendebant,
606 954 680 1013 nihil
699 956 847 1032 agebant?
886 957 935 1015 Ad
949 954 1029 1031 Appi
1044 956 1153 1016 Claudi

147 1063 331 1113 senectutem
345 1054 508 1113 accedebat
521 1052 609 1112 etiam
624 1062 657 1111 ut
672 1070 778 1111 caecus
793 1062 892 1124 esset3
912 1062 1013 1111 tamen
1034 1051 1067 1125 is,
1083 1071 1152 1110 curn
1168 1053 1205 1110 lo

146 1150 292 1209 sententia
307 1160 426 1210 senatus
440 1149 598 1213 inclinaret
608 1150 646 1208 ad
661 1168 767 1225 pacem
779 1168 847 1207 cum
862 1149 973 1225 Pyrrho
988 1149 1151 1224 foedusque

109 1277 132 1303 {o
145 1245 322 1317 laciendum,
338 1265 400 1306 non
415 1244 560 1305 dubitavit
579 1243 679 1304 dicere
698 1243 758 1317 illa,
774 1262 851 1319 quae
865 1243 997 1303 versibus
1017 1262 1152 1321 persecu-

145 1352 193 1401 tus
208 1352 252 1403 est
267 1342 394 1404 Ennius:
482 1334 485 1342 ’

285 1509 339 1564 quo
360 1492 437 1549 uobis
458 1499 564 1563 mentes,
589 1499 676 1550 rectae
693 1510 766 1565 quae
784 1499 861 1549 stare
880 1492 1002 1548 solebant

285 1587 409 1659 antehac,
430 1588 562 1645 dementis
581 1606 637 1645 sese
646 1588 755 1663 flexere
773 1589 852 1645 urai?

143 1749 300 1816 ceteraque
328 1740 507 1817 gravissime,
539 1751 645 1801 notum
675 1740 754 1800 enirn
782 1739 868 1799 vobis
897 1760 1017 1799 carmen
1042 1750 1094 1812 est,
1119 1748 1149 1799 et

106 1866 128 1903 ις
141 1848 242 1897 tamen
269 1838 360 1915 ipsius
388 1839 468 1916 Appi
496 1847 591 1899 exstat
617 1838 720 1897 oratio
764 1841 864 1913 Atque
898 1838 974 1897 haec
1008 1837 1057 1896 ille
1089 1836 1149 1913 egit

143 1934 357 2011 septemdecim
387 1934 472 1994 annis
501 1946 570 2011 post
597 1936 721 1995 alterum
749 1935 945 2006 consulatum,
974 1952 1043 1991 curn
1072 1932 1148 1992 inter

143 2029 219 2089 duos
242 2031 414 2090 consulatus
436 2030 507 2089 anni
529 2031 635 2090 decem
660 2028 862 2089 interfuissent
886 2047 1052 2105 censorque
1076 2040 1146 2087 ante

142 2124 322 2200 superiorem
346 2127 534 2186 consulatum
556 2126 667 2200 luisset,
693 2144 731 2185 ex
754 2143 815 2200 quo
839 2122 1018 2200 intellegitur
1047 2122 1147 2199 Pyrrhi

141 2220 221 2281 bello
234 2223 376 2297 grandem
391 2210 463 2281 sane
471 2221 569 2295 fuisse,
580 2233 609 2281 et
619 2232 721 2281 tamen
735 2220 777 2280 sic
791 2239 809 2278 a
822 2218 954 2296 patribus
967 2220 1143 2296 accepimus.

100 2346 126 2373 m
140 2316 223 2376 Nihil
245 2318 332 2395 igitur
354 2320 480 2379 afferunt
502 2319 554 2396 qui
575 2318 607 2377 in
631 2339 663 2378 re
683 2319 813 2397 gerenda
833 2318 940 2379 versari
963 2329 1145 2379 senectutem
1161 2318 1198 2377 17

141 2430 258 2494 negant,
274 2418 443 2497 similesque
457 2430 525 2489 sunt
539 2431 571 2480 ut
585 2420 609 2479 si
624 2420 675 2497 qui
689 2421 918 2497 gubernatorem
932 2420 962 2479 in
976 2418 1146 2495 navigando

140 2515 216 2573 nihil
235 2535 322 2592 agere
344 2516 454 2591 dicant,
469 2537 538 2577 cum
560 2517 610 2577 alii
631 2520 727 2579 malos
748 2518 902 2592 scandant,
920 2517 971 2577 alii
992 2538 1046 2595 per
1067 2520 1146 2578 soros

140 2621 266 2687 cursent,
282 2612 332 2671 alii
351 2613 498 2673 sentinam
514 2615 693 2689 exhauriant,
710 2615 759 2676 ille
773 2618 887 2675 clavom
909 2626 1015 2676 tenens
1028 2615 1145 2692 quietus

141 2709 243 2767 sedeat
256 2707 287 2766 in
301 2708 401 2785 puppi,
420 2728 479 2769 non
495 2710 583 2770 faciat
597 2729 640 2784 ea,
655 2729 731 2787 quae
751 2711 881 2778 iuvenes.
913 2713 954 2770 At
967 2729 1037 2770 vero
1051 2711 1145 2769 multo

99 2834 124 2871 25
139 2802 250 2861 maiora
272 2812 303 2861 et
333 2804 456 2863 meliora
488 2804 565 2864 facit.
611 2808 683 2865 Non
706 2806 815 2866 viribus
842 2817 893 2865 aut
917 2806 1074 2866 velocitate
1094 2818 1145 2865 aut

139 2896 289 2956 celeritate
322 2916 479 2973 corporum
513 2918 559 2959 res
590 2919 718 2977 magnae
752 2911 901 2977 geruntur,
930 2901 984 2961 sed
1019 2901 1145 2961 consilio

139 2992 313 3053 auctoritate
327 2994 482 3069 sententia,
492 2996 601 3071 quibus
615 3016 677 3056 non
691 2998 784 3057 modo
798 3015 860 3056 non
875 2996 980 3071 orbari,
990 2998 1042 3057 sed
1055 2998 1143 3057 etiam

106 3092 108 3096 '
139 3088 238 3164 augeri
260 3099 399 3150 senectus
421 3092 496 3151 solet
507 3113 517 3165 3
539 3091 597 3150 nisi
615 3093 691 3152 forte
711 3111 767 3167 ego
781 3093 875 3164 vobis,
892 3093 942 3169 qui
962 3103 992 3151 et
1013 3092 1097 3152 miles
1114 3104 1144 3153 et
1160 3094 1201 3154 18,

138 3184 273 3245 tribunus
295 3195 324 3246 et
346 3187 461 3262 legatus
482 3197 512 3248 et
534 3190 640 3248 consul
659 3198 792 3248 versatus
811 3208 877 3248 sum
896 3189 927 3247 in
941 3189 1022 3248 vario
1036 3208 1144 3265 genere

98 3281 292 3355 3obe110mln,
318 3301 435 3343 cessare
456 3302 538 3343 nunc
561 3284 673 3357 videor,
700 3304 769 3343 cum
797 3286 876 3345 bella
897 3304 960 3344 non
981 3302 1060 3361 gero.
1103 3288 1144 3345 At

138 3379 253 3439 senatui
273 3400 350 3456 quae
368 3381 427 3441 sint
445 3382 575 3458 gerenda
592 3381 762 3457 praescribo
775 3392 806 3441 et
820 3401 880 3457 quo
894 3382 986 3441 modo
991 3401 1001 3454 3
1022 3382 1144 3442 Cartha-

136 3477 196 3556 gini
205 3479 282 3538 male
291 3479 349 3538 iam
362 3479 412 3539 diu
422 3480 564 3556 cogitanti
574 3481 685 3540 bellum
694 3481 789 3540 multo
797 3491 867 3540 ante
875 3479 1027 3551 denuntio,
1037 3479 1076 3539 de
1085 3498 1144 3555 qua

983 3612 1060 3668 3-2
