2625 3867
151 198 189 256 30
388 254 391 259 Ι
508 178 624 239 CATO
649 178 801 237 MAIOR
1086 172 1146 256 [12

147 325 184 367 eo
198 326 328 379 munere,
340 326 402 383 quo
415 318 540 381 uterque
553 316 686 364 nostrum
697 302 894 365 communiter
907 313 1044 364 uteretur.
1070 301 1149 361 Mihi

147 402 268 479 quidem
286 404 327 463 ita
344 405 474 465 iucunda
492 401 578 463 huius
596 401 663 463 libri
683 400 832 462 confectio
850 401 913 475 fuit,
928 413 962 461 ut
980 421 1041 461 non
1055 403 1148 462 modo

147 498 243 559 omnis
263 498 431 560 absterserit
451 496 611 559 senectutis
630 497 788 572 molestias,
808 500 861 559 sed
880 496 1009 559 effecerit
1027 499 1148 557 mollem

147 593 236 655 etiam
257 607 287 656 et
306 594 468 655 iucundam
492 604 684 655 senectutem
727 596 900 670 Numquam
923 593 1012 671 igitur
1034 592 1148 654 laudari

147 691 217 752 satis
235 691 325 770 digne
343 690 530 770 philosophia
548 689 665 768 poterit,
679 688 728 752 cui
746 689 798 766 qui
814 700 915 766 pareat
928 710 1018 751 omne
1031 700 1148 767 tempus
1161 719 1174 759 ς

114 786 250 848 Saetatis
270 787 334 848 sine
353 786 490 847 molestia
510 786 604 864 possit
622 788 738 862 degere
780 788 840 846 Sed
859 788 897 846 de
913 786 1018 846 ceteris
1031 797 1062 846 et
1075 785 1147 846 dixi·

146 903 213 944 mus
225 886 320 944 multa
333 896 363 946 et
376 904 465 963 saepe
479 885 625 945 dicemus:
639 886 721 944 hunc
735 884 842 944 librum
852 886 891 944 ad
901 896 931 945 te
946 886 984 945 de
994 896 1147 946 senectute

145 980 287 1041 misimus
323 982 452 1043 Omnem
466 992 567 1041 autem
578 998 745 1040 sermonem
760 979 914 1039 tribuimus
928 1000 990 1040 non
1003 980 1145 1055 Tithono,

145 1088 180 1138 ut
195 1070 294 1137 Aristo
311 1076 392 1148 Cius,
406 1097 510 1154 parum
530 1076 611 1136 enim
629 1087 707 1137 esset
727 1075 908 1137 auctoritatis
924 1075 955 1135 in
969 1078 1077 1151 fabula,
1092 1080 1146 1139 sed

147 1177 191 1235 Μ.
207 1174 316 1236 Catoni
334 1173 406 1248 seni,
426 1194 487 1251 quo
508 1173 651 1235 maiorem
670 1172 874 1234 auctoritatem
893 1174 1017 1235 haberet
1035 1175 1147 1235 oratio:
1162 1195 1187 1234 το

145 1274 226 1350 apud
240 1291 330 1349 quem
344 1269 478 1331 Laelium
492 1282 522 1331 et
536 1270 706 1349 Scipionem
725 1270 849 1331 facimus
867 1270 1047 1345 admirantis,
1062 1272 1146 1348 quod

146 1368 171 1429 is
193 1379 254 1428 tam
275 1368 360 1429 facile
382 1378 565 1428 senectutem
587 1369 669 1441 serat,
685 1368 788 1444 eisque
810 1387 879 1427 eum
900 1369 1131 1445 respondentem
1136 1390 1146 1443 3

146 1465 197 1543 qui
215 1463 240 1525 si
260 1464 401 1525 eruditius
419 1464 566 1525 videbitur
584 1464 734 1541 disputare
753 1484 842 1542 quam
859 1465 1013 1525 consuevit
1033 1465 1145 1543 ipsein

146 1562 205 1621 suis
227 1561 316 1634 libris,
341 1559 490 1621 attribuito
512 1560 615 1621 litteris
637 1559 767 1634 Graecis,
792 1580 916 1637 quarum
938 1572 1054 1623 constat
1075 1584 1144 1625 eum

145 1657 362 1735 perstudiosum
375 1656 464 1717 fuisse
478 1656 509 1715 in
524 1665 685 1715 senectute
727 1656 788 1715 Sed
801 1657 874 1733 quid
893 1676 968 1734 opus
982 1669 1028 1717 est
1041 1661 1147 1736 plura?
1162 1693 1186 1731 ις

146 1759 211 1815 Iam
231 1756 312 1817 enim
330 1756 421 1833 ipsius
441 1754 564 1816 Catonis
583 1774 680 1814 sermo
699 1754 856 1831 explicabit
874 1764 1005 1815 nostram
1024 1775 1145 1817 omnem

145 1853 183 1912 de
197 1863 349 1913 senectute
363 1842 547 1913 sententiam.

111 1950 131 2009 4
206 1952 248 2011 11.
271 1952 382 2011 Sermo.
426 1952 520 2026 Saepe
541 1970 665 2010 numero
685 1947 823 2010 admirari
842 1952 925 2011 soleo
946 1970 1015 2010 cum
1035 1953 1093 2012 hoc
1107 1953 1142 2013 C.

144 2048 247 2108 Laelio
271 2067 339 2107 cum
361 2057 524 2108 ceterarum
544 2067 640 2107 rerum
664 2059 745 2108 tuam
767 2051 970 2121 excellentem,
992 2052 1035 2107 M.
1058 2052 1144 2123 Cat0,

144 2148 364 2224 perfectamque
385 2146 568 2223 sapientiam,
586 2158 648 2207 tum
669 2149 715 2207 vel
735 2148 862 2208 maxime
880 2149 963 2224 quod
983 2167 1145 2225 numquam
1159 2176 1185 2207 ω

143 2242 198 2303 tibi
216 2252 399 2303 senectutem
417 2262 535 2320 gravem
558 2261 621 2303 esse
640 2244 790 2315 senserim,
806 2264 883 2322 quae
901 2244 1049 2322 plerisque
1068 2245 1144 2305 seni·

144 2341 200 2399 bus
215 2338 257 2398 sic
271 2338 375 2399 odiosa
389 2349 442 2410 est,
454 2350 488 2398 ut
499 2359 575 2399 onus
589 2359 621 2399 se
635 2342 734 2399 Aetna
746 2340 862 2416 gravius
876 2340 977 2400 dicant
990 2341 1140 2401 sustinere

204 2435 299 2495 CATO.
341 2437 419 2494 Rem
433 2435 514 2494 haud
528 2454 608 2509 sane,
624 2434 724 2512 Scipio
737 2445 768 2495 et
782 2435 874 2509 Laeli,
889 2435 1038 2496 difficilem
1051 2436 1144 2496 admi·

142 2531 197 2591 rari
215 2530 364 2607 videmini
407 2531 524 2607 Quibus
542 2532 620 2593 enim
641 2532 714 2591 nihil
732 2543 777 2593 est
793 2532 824 2591 in
843 2533 914 2609 ipsis
932 2534 998 2611 opis
1011 2535 1051 2594 ad
1065 2536 1143 2597 bene

142 2629 288 2705 beateque
304 2626 473 2702 vivendum,
495 2628 537 2688 eis
556 2627 654 2689 omnis
675 2638 755 2688 aetas
773 2628 868 2706 gravis
886 2639 949 2688 est:
973 2627 1025 2707 qui
1044 2641 1143 2691 autem
1158 2661 1183 2701 ι,

141 2725 242 2787 omnia
262 2725 342 2786 bona
362 2745 381 2785 a
401 2743 432 2785 se
452 2725 509 2801 ipsi
530 2735 644 2802 petunt,
660 2724 702 2784 eis
722 2725 795 2784 nihil
812 2736 912 2802 potest
925 2727 1037 2784 malum
1049 2727 1142 2787 videri

141 2826 223 2902 quod
237 2835 359 2902 naturae
373 2823 533 2883 necessitas
546 2824 655 2882 afferat
688 2823 757 2896 Quo
771 2823 802 2880 in
815 2841 923 2899 genere
938 2833 984 2883 est
996 2823 1028 2881 in
1041 2823 1142 2899 primis

141 2933 286 2997 senectus,
305 2941 396 2999 quam
416 2932 450 2981 ut
469 2920 669 2998 adipiscantur
689 2940 794 2981 omnes
815 2930 927 2997 optant,
949 2922 1076 2981 eandem
1096 2942 1143 2982 ac·

140 3029 244 3079 cusant
258 3020 417 3095 adeptam:
437 3027 520 3077 tanta
534 3027 579 3077 est
598 3015 737 3077 stultitiae
757 3016 955 3076 inconstantia
973 3029 1062 3093 atque
1080 3038 1143 3095 per·

139 3116 269 3176 versitas.
323 3117 476 3192 Obrepere
512 3114 595 3175 aiunt
632 3133 699 3173 eam
734 3113 819 3174 citius
851 3134 941 3191 quam
979 3125 1141 3192 putassent
1157 3146 1184 3185 ρ

139 3212 270 3272 Primum
297 3210 364 3289 quis
383 3211 481 3288 coegit
502 3229 554 3271 eos
581 3212 688 3270 salsum
707 3213 834 3286 putare?
875 3210 935 3284 Qui
956 3210 1036 3270 enim
1057 3211 1143 3272 eitius

138 3308 357 3371 adulescentiae
371 3318 508 3368 senectus
521 3326 611 3383 quarn
625 3305 768 3384 pueritiae
785 3306 987 3365 adulescentia
1005 3307 1144 3386 obrepit?

138 3406 258 3467 Deinde
273 3405 324 3482 qui
339 3404 436 3464 minus
456 3402 551 3479 gravis
573 3414 650 3463 esset
666 3401 710 3462 eis
730 3415 876 3476 senectus,
891 3401 916 3462 si
936 3402 1142 3480 octingentesi-
