2625 3867
118 252 120 257 '
141 238 234 295 XXII
251 234 301 317 80]
465 240 533 297 DE
562 238 841 297 SENECTUTE.
1107 257 1141 314 57

142 380 264 441 nostros
287 370 338 446 qui
362 379 460 431 essent
489 368 585 428 Italici
613 369 781 446 philosophi
810 370 962 446 quondam
990 368 1142 441 nominati,

141 486 304 542 numquam
318 466 470 526 dubitasse
485 465 557 541 quin
572 485 609 525 ex
622 466 759 526 universa
773 476 874 526 mente
885 466 985 526 divina
999 466 1145 525 delibatos

141 562 256 622 animos
275 564 458 623 haberemus.
502 562 790 622 Demonstrabantur
811 560 884 620 mihi
906 572 1056 638 praeterea
1070 581 1145 637 quae

141 661 276 719 Socrates
295 678 433 736 supremo
447 658 524 719 vitae
539 658 588 719 die
603 661 642 719 de
660 658 881 719 immortalitate
900 658 1065 719 animomm
1088 658 1144 718 dis-

115 786 127 824 5
141 755 287 829 seruisset,
302 756 327 815 is
341 754 393 831 qui
412 765 490 815 esset
504 754 637 815 omnium
657 755 888 833 sapientissimus
902 757 1022 816 oraculo
1035 757 1146 832 Apolli-

141 852 187 911 nis
205 851 359 912 iudicatus
403 852 485 927 Quid
507 853 617 911 multa?
659 850 709 912 Sic
728 851 801 910 mihi
823 851 962 928 persuasi,
980 852 1024 911 sic
1040 852 1144 924 sentio,

141 968 211 1009 cum
225 960 308 1009 tanta
322 948 455 1009 celeritas
469 949 636 1008 animorum
655 948 702 1018 sit,
717 958 800 1008 tanta
817 947 960 1008 memoria
978 948 1145 1026 praeterito

140 1068 205 1107 rum
224 1050 448 1123 futurorumque
469 1046 634 1125 prudentia,
654 1058 700 1107 tot
721 1058 798 1106 artes
819 1057 919 1107 tantae
937 1045 1086 1120 scientiae,
1101 1057 1145 1107 tot

141 1144 269 1218 inventa,
285 1164 346 1205 non
359 1163 448 1222 posse
462 1163 528 1204 eam
543 1155 687 1218 naturam,
698 1163 775 1220 quae
788 1162 834 1203 res
847 1163 898 1203 eas
911 1143 1070 1217 contineat,
1081 1163 1146 1203 esse

103 1272 127 1300 ιο
140 1243 296 1301 mortalem
301 1262 310 1315 ;
331 1260 460 1318 cumque
479 1261 594 1319 semper
613 1242 738 1319 agitetur
756 1241 872 1301 animus
891 1260 948 1302 nec
969 1240 1146 1319 principium

141 1347 239 1397 motus
253 1339 370 1411 habeat,
386 1338 456 1415 quia
470 1358 501 1398 se
515 1338 579 1416 ipse
593 1349 721 1407 moveat,
735 1357 774 1399 ne
788 1340 880 1397 finem
894 1337 1017 1414 quidem
1030 1337 1145 1397 habitu-

142 1456 206 1495 rum
228 1454 293 1497 esse
313 1446 422 1510 motus,
445 1436 515 1513 quia
538 1456 702 1512 numquam
724 1436 841 1514 seipse
864 1435 901 1495 sit
922 1435 1088 1509 relicturus,
1116 1447 1146 1496 et

141 1551 211 1592 cum
233 1532 359 1609 simplex
379 1532 469 1592 animi
490 1544 596 1593 natura
616 1544 693 1593 esset
715 1551 813 1610 neque
835 1532 956 1592 haberet
974 1530 1005 1590 in
1020 1552 1052 1592 se
1066 1532 1146 1609 quic-

141 1649 230 1707 quam
251 1631 416 1690 admixtum
439 1632 539 1707 dispar
559 1630 605 1690 sui
624 1641 714 1707 atque
729 1630 880 1704 dissimile,
895 1650 956 1690 non
973 1649 1062 1708 posse
1076 1649 1145 1691 eum

103 1756 125 1794 ις
140 1727 241 1801 dividi,
258 1729 341 1803 quod
363 1727 470 1788 sinon
492 1738 601 1805 posset,
625 1747 687 1787 non
707 1747 795 1805 posse
817 1727 948 1801 interire;
977 1746 1146 1805 magnoque

142 1843 207 1885 esse
221 1835 395 1901 argumento
409 1824 547 1905 homines
561 1824 636 1885 scire
648 1826 790 1901 pleraque
804 1835 873 1884 ante
888 1844 979 1901 quam
997 1824 1058 1884 nati
1077 1824 1143 1899 sint,

142 1922 225 1997 quod
247 1920 306 1979 iam
328 1919 420 1997 pueri,
435 1939 504 1979 cum
523 1919 593 1980 artis
612 1920 738 1980 difficilis
758 1919 881 1994 discant,
897 1921 938 1980 ita
951 1920 1084 1982 celeriter
1099 1940 1145 1981 res

141 2017 362 2092 innumerabilis
386 2016 533 2095 arripiant,
558 2029 591 2077 ut
615 2037 665 2077 eas
692 2037 754 2077 non
778 2028 842 2078 tum
864 2017 992 2094 primum
1013 2019 1147 2095 accipere

140 2114 303 2189 videantur,
320 2114 374 2175 sed
393 2113 542 2173 reminisci
564 2124 593 2174 et
615 2113 770 2175 recordari.
814 2116 902 2175 Haec
924 2114 1055 2174 Platonis
1075 2116 1143 2175 sere.
1198 2186 1204 2194 Ι

101 2242 126 2270 ιο
139 2213 242 2271 XXII.
285 2212 377 2288 Apud
399 2212 633 2288 Xenophontem
656 2222 756 2271 autem
778 2210 908 2271 moriens
933 2212 1028 2287 Cyrus
1051 2211 1146 2271 maior
1160 2209 1198 2271 79

142 2306 316 2369 haecdicit:
340 2308 448 2367 ‘nolite
462 2307 602 2381 arbitrari,
618 2327 636 2367 o
651 2307 725 2367 mihi
739 2307 880 2367 carissimi
896 2306 957 2380 filii,
972 2326 1030 2382 me,
1044 2326 1146 2368 cuma

140 2404 224 2464 vobis
239 2404 410 2477 discessem,
425 2423 573 2480 nusquam
587 2415 638 2464 aut
651 2406 767 2464 nullum
781 2407 852 2465 fore.
888 2408 955 2465 Nec
968 2404 1057 2479 enirn,
1073 2406 1145 2465 dum

141 2520 221 2561 eram
234 2499 398 2574 vobiscum,
413 2500 547 2560 animum
569 2519 670 2561 meum
691 2500 844 2574 videbatis,
860 2503 914 2562 sed
936 2521 1005 2562 eum
1028 2521 1092 2562 esse
1113 2501 1145 2561 in

142 2600 200 2658 hoc
214 2617 337 2675 corpore
352 2617 388 2658 ex
402 2597 444 2658 eis
458 2599 544 2659 rebus
559 2618 632 2675 quas
646 2600 786 2675 gerebam
800 2598 1021 2675 intellegebatis.
1068 2601 1146 2659 Eun-

100 2725 125 2762 25
140 2696 209 2754 dem
232 2693 318 2771 igitur
339 2713 404 2755 esse
426 2693 578 2767 creditote,
594 2694 684 2754 etiam
706 2695 732 2755 si
754 2696 868 2754 nullum
890 2694 1034 2756 videbitis
1078 2698 1146 2757 Nec
1159 2698 1198 2755 80

139 2811 209 2852 vero
223 2795 368 2852 clarorum
381 2790 510 2852 virorum
524 2803 594 2869 post
607 2802 735 2853 mortem
748 2792 877 2851 honores
890 2804 1104 2869 permanerent,
1120 2793 1145 2853 si

139 2890 212 2949 nihil
227 2909 330 2951 eorum
344 2890 476 2967 ipsorum
491 2891 583 2950 animi
598 2893 757 2964 efficerent,
769 2910 831 2967 quo
845 2890 956 2951 diutius
969 2892 1144 2951 memoriam

140 2987 185 3045 sui
208 2996 381 3047 teneremus.
426 2987 503 3046 Mihi
525 2987 648 3063 quidem
669 3006 833 3063 numquam
855 2985 1025 3064 persuaderi
1048 2988 1144 3064 potuit

139 3081 255 3142 animos
268 3084 342 3142 dum
361 3082 392 3142 in
406 3082 578 3159 corporibus
592 3094 690 3143 essent
708 3082 880 3144 mortalibus
893 3082 999 3156 vivere,
1014 3085 1083 3142 cuin
1098 3104 1144 3145 ex-

100 3210 125 3247 30
139 3179 295 3239 cessissent
309 3199 346 3240 ex
360 3180 402 3241 eis
418 3180 509 3240 emori
514 3204 523 3257 ;
544 3200 601 3241 nec
614 3200 686 3241 vero
699 3191 764 3241 tum
781 3181 914 3241 animum
930 3201 993 3242 esse
1007 3180 1145 3260 insipien·

139 3289 200 3339 tem
225 3297 293 3338 cum
318 3294 355 3337 ex
382 3278 532 3356 insipienti
555 3299 678 3357 corpore
707 3281 855 3354 evasisset,
884 3283 938 3342 sed
964 3301 1034 3341 cum
1062 3285 1143 3344 omni

139 3375 321 3436 admixtione
335 3376 465 3453 corporis
480 3377 619 3438 liberatus
633 3398 723 3454 purus
737 3389 767 3438 et
781 3378 893 3456 integer
908 3399 973 3441 esse
986 3380 1141 3457 coepisset,

137 3482 201 3531 turn
231 3491 296 3532 esse
320 3471 492 3549 sapientem.
535 3477 637 3551 Atque
661 3474 758 3545 etiam,
784 3493 854 3534 cunr
881 3475 1011 3536 hominis
1038 3487 1141 3537 natura
