2625 3867
508 977 752 1040 APPENDIX
784 980 814 1040 B.

189 1177 364 1228 PASSAGES
386 1178 630 1228 TRANSLATED
654 1179 705 1228 OR
728 1180 910 1228 IMITATED
935 1179 1035 1229 FROM
1057 1177 1133 1226 THE

595 1260 726 1309 GREEK.

223 1469 283 1518 Cato
299 1470 391 1519 Maior.
424 1469 485 1530 556,
502 1482 525 1533 7.

188 1560 298 1608 Laelius.
321 1560 442 1608 Volumus
451 1575 518 1616 sane,
528 1559 574 1608 nisi
586 1576 638 1608 mo-

140 1625 229 1673 lestum
248 1631 294 1681 est,
307 1624 378 1683 Cato,
392 1631 519 1686 tamquam
537 1624 638 1688 longam

140 1689 248 1752 aliquam
266 1689 332 1736 viam
348 1689 491 1746 confeceris,
503 1704 578 1764 quam
594 1705 638 1738 no-

140 1754 179 1802 bis
191 1768 289 1817 quoque
296 1724 495 1828 ingrediundum
512 1754 551 1813 sit,
566 1754 635 1814 istuc,

141 1833 191 1882 quo
202 1817 343 1881 pervenisti,
358 1818 441 1866 videre
452 1819 526 1881 quale
536 1818 576 1866 sit.

193 1947 260 1995 Cato.
294 1947 394 1994 Faciam
407 1953 433 1995 ut
450 1954 544 2009 potero,
560 1947 636 1995 Laeli.

142 2012 224 2074 Saepe
235 2011 301 2058 enim
312 2011 410 2059 interfui
422 2011 536 2074 querellis
547 2027 636 2075 aequa-

142 2075 202 2124 lium
222 2091 340 2134 meorum,
361 2090 432 2138 pares
454 2083 536 2124 autem
557 2084 637 2124 vetere

142 2140 275 2203 proverbio
310 2155 366 2188 cum
395 2140 494 2202 paribus
522 2140 637 2188 facillime

142 2211 328 2266 congregantur,
340 2204 566 2268 quae...deplorare
574 2206 636 2252 sole·

142 2269 210 2328 bant,
224 2275 277 2316 tum
294 2269 362 2332 quod
381 2269 552 2331 voluptatibus
571 2277 636 2317 care·

142 2341 204 2392 rent,
218 2333 271 2381 sine
282 2333 371 2396 quibus
388 2333 423 2381 vit
413 2340 464 2381 tam
480 2334 575 2381 nullam
592 2349 637 2397 pu-

142 2404 230 2456 tarent,
253 2405 305 2445 tum
324 2398 392 2460 quod
413 2405 586 2460 spernerentur
605 2399 637 2446 ab

142 2464 178 2510 eis
196 2462 314 2526 aquibus
333 2469 414 2509 essent
434 2462 482 2510 coli
499 2463 577 2518 soliti;
594 2463 638 2526 qui

142 2527 204 2574 mihi
225 2541 276 2574 non
302 2525 327 2573 id
350 2527 496 2575 videbantur
523 2541 637 2576 accusare

143 2591 211 2654 quod
233 2597 297 2639 esset
319 2591 493 2639 accusandum.
527 2592 594 2639 Nam
617 2592 637 2640 si

142 2656 169 2703 id
180 2655 253 2718 culpa
264 2655 396 2703 senectutis
407 2656 536 2714 accideret,
551 2655 637 2704 eadem

142 2720 204 2768 mihi
214 2735 259 2768 usu
270 2720 382 2768 venirent
392 2720 542 2784 reliquisque
559 2721 637 2768 omni-

142 2785 188 2833 bus
209 2784 343 2832 maioribus
370 2792 437 2843 natu,
460 2800 566 2848 quorum
591 2800 638 2847 ego

141 2849 276 2897 multorum
291 2848 396 2912 cognovi
415 2856 566 2897 senectutem
585 2850 638 2897 sine

142 2913 260 2978 querella,
282 2913 325 2976 qui
347 2928 374 2961 se
396 2913 527 2961 libidinum
550 2913 638 2962 vinclis

142 2978 236 3027 laxatos
248 2993 301 3027 esse
312 2993 362 3026 non
373 2978 477 3027 moleste
488 2978 608 3028 ferrent...

191 3183 241 3233 Sed
254 3182 364 3232 omnium
376 3182 445 3231 istius
458 3182 527 3231 modi
542 3181 636 3255 querel-

142 3248 240 3296 larum'
233 3265 260 3296 m
271 3248 381 3296 moribus
396 3254 433 3296 est
434 3247 530 3322 c,ulpa
545 3261 596 3294 non
611 3245 638 3292 in

141 3320 229 3362 aetate.
265 3312 389 3361 Moderati
400 3310 467 3360 enim
482 3318 507 3360 et
518 3326 564 3359 nec
575 3309 638 3358 diffi-

141 3377 200 3426 ciles
211 3393 257 3427 nec
268 3377 398 3426 inhumani
405 3392 476 3426 senes
484 3375 637 3424 tolerabilem

141 3450 292 3491 senectutem
309 3449 395 3506 agunt,
406 3439 579 3504 importunitas
596 3455 638 3488 au·

218 3618 293 3668 Kc.

777 1477 855 1531 Plato,
869 1477 928 1538 Καρ.
944 1486 954 1522 1
967 1475 1013 1537 328
1027 1486 1043 1522 u
1055 1488 1092 1537 sq.

737 1558 871 1619 Σωκράτης,
904 1559 970 1605 δοκεῖ
980 1557 1029 1619 ’γάρ
1043 1573 1083 1614 μοι
1094 1555 1181 1615 χρῆναι

690 1621 746 1682 παρ’
758 1624 836 1670 αὐτῶν
846 1622 1015 1681 πυνθάνεσθαι,
1031 1619 1113 1700 ὥσπερ
1130 1620 1184 1666 τινὰ

690 1687 742 1734 ὁδὸν
754 1687 959 1747 προεληλυθότων,
969 1685 998 1745 ἢν
1010 1683 1072 1733 καί
1058 1686 1119 1743 ημᾶς
1128 1685 1183 1731 ίσως

689 1753 768 1810 δεήσει
780 1754 930 1814 πορεύεσθαι,
944 1753 1002 1798 ποία
1012 1751 1047 1798 τίς
1056 1751 1116 1804 ἐστι,
1127 1765 1183 1810 τρα-

689 1818 746 1876 χεῖα
768 1819 807 1864 καί
829 1813 973 1878 χαλεπὴ,
958 1832 1024 1875 ηρ
993 1815 1024 1878 ῥα
1026 1815 1064 1862 δία
1086 1814 1125 1862 καί
1148 1813 1182 1859 εθ-

689 1898 767 1942 πορος.

737 1947 787 2006 ἐγώ
801 1963 846 2006 σοι,
861 1946 917 2006 ἔφη,
928 1945 957 2002 νὴ
973 1945 1014 1992 τὸν
1031 1943 1111 2002 Δίο,ἐ
1110 1941 1183 2002 pilari

690 2011 822 2071 Σώκρατες,
834 2011 921 2070 οίόένγ
929 2027 970 2068 μοι
978 2010 1096 2069 φαίνεται.
1118 2008 1182 2053 Πολ-

689 2077 756 2124 λάκις
767 2077 816 2136 γὰρ
827 2075 991 2136 συνερχόμεθά
999 2090 1061 2121 τινες
1072 2072 1183 2120 είςσαὺτὸ

689 2142 861 2202 παραπλησίαν
851 2140 966 2196 νὴλικίοιν
982 2140 1083 2197 ἔχοντες,
1097 2137 1180 2184 διασώ-

690 2207 766 2262 ζοντες
776 2208 820 2266 τὴν
832 2206 938 2252 παλαιὰν
949 2203 1082 2262 παροιμίαν.
1110 2202 1131 2248 οί
1142 2201 1181 2247 οῦν

689 2269 822 2318 πλεῖστοι
811 2271 878 2327 ημῶν
890 2268 1048 2329 ὀλοφύρονται
1065 2266 1179 2324 ξυνόντες,

688 2335 731 2382 τὰς
743 2329 810 2382 ἐν
778 2351 810 2395 τη
827 2335 919 2391 νεότητι
930 2333 1013 2392 ἡδονὰς
1025 2332 1179 2378 ποθοῦντες...

690 2399 729 2445 καί
757 2400 933 2460 ἀγανακτοῦσιν
961 2397 991 2445 ὡς
1016 2396 1070 2443 τότε
1091 2396 1135 2452 μὲν
1156 2395 1183 2440 εὔ

690 2465 779 2526 ζῶντες,
792 2466 833 2511 νῦν
848 2465 873 2511 δὲ
890 2463 943 2510 οὐδὲ
960 2463 1050 2524 ζῶντες.
1085 2461 1140 2507 ἔνιοι
1158 2459 1183 2506 δὲ

689 2529 727 2574 καί
749 2530 792 2576 τὰς
816 2530 864 2576 τῶν
887 2527 977 2575 οἰκείων
995 2525 1183 2587 προπηλακίσεις

687 2610 730 2640 που
719 2594 819 2677 γήρως
826 2594 966 2653 όδυρονται.
971 2592 1032 2650 ἐ.μοί
1041 2591 1066 2638 δὲ
1075 2590 1183 2636 δοκοῦσιν

688 2654 753 2706 οὗτοι
762 2675 788 2706 ου
780 2659 824 2706 ’τὸ
833 2658 909 2705 αίσιον
921 2657 1047 2704 αἰτιᾶσθαι.
1063 2655 1084 2701 εί
1094 2649 1171 2714 γὰρ
1154 2670 1183 2710 ην

688 2725 745 2772 τοῦτ
744 2719 846 2779 αίτιον,
859 2721 903 2770 κᾶν
916 2722 964 2782 ἐγὼ
980 2722 1012 2768 τὰ
1029 2720 1089 2767 αὐτὰ
1105 2719 1183 2765 ταῦτα

689 2788 810 2846 ἐπεπόνθη
822 2788 889 2834 ἕνεκά
899 2804 929 2847 γε
941 2787 1019 2848 γήρως
1031 2785 1069 2830 καί
1082 2784 1103 2831 οί
1113 2783 1182 2830 ίίλλοι

689 2855 783 2914 πάντες,
801 2853 853 2900 ὅσοι
871 2851 973 2901 ἐνταῦθα
989 2849 1063 2908 ἦλθον
1080 2848 1179 2905 ἡλικίας.

689 2921 729 2966 νῦν
752 2919 778 2965 δὲ
800 2917 878 2978 ἔγωγε
901 2913 948 2974 ἤδη
969 2915 1115 2973 ἐντετύχηκα
1138 2914 1184 2972 οοχ

689 2982 761 3032 οὕτως
773 2983 856 3043 ἔχουσι
867 2981 906 3029 καί
915 2979 1004 3038 σίλλοις,
1016 2980 1056 3026 καί
1063 2978 1184 3037 Σοφοκλεῖ

691 3047 787 3108 ...(The
808 3053 876 3108 story
893 3045 922 3093 os
942 3016 1098 3109 Sopbocles'
1092 3058 1113 3091 rs
1129 3041 1182 3090 imi-

689 3112 819 3170 tatedin§
829 3123 875 3173 437
887 3125 928 3159 see
939 3107 1039 3169 below)

738 3177 803 3224 ἀλλὰ
813 3177 852 3223 καί
862 3176 952 3223 σοιίπων
965 3173 1019 3234 περί
1035 3173 1080 3221 καί
1091 3173 1137 3218 τῶν
1153 3187 1184 3231 γε

690 3243 746 3324 πρὸς
761 3242 814 3288 τοὺς
826 3241 922 3288 οίκείονς
933 3240 977 3297 μία
989 3255 1023 3286 τις
1034 3237 1100 3285 αίτίο.
1111 3238 1182 3292 ἐστιν,

689 3308 716 3354 οὐ
737 3306 765 3353 τὸ
787 3306 870 3366 γῆρας,
896 3303 916 3350 ὦ
938 3301 1069 3382 Σώκρατες,
1096 3297 1148 3349 ἀλλ’
1172 3299 1184 3347 ὁ

688 3371 776 3433 τρόπος
792 3371 839 3417 τῶν
857 3367 996 3430 ἀνθρώπων.
1031 3363 1059 3413 οἲν
1075 3367 1118 3424 μὲν
1135 3365 1184 3425 γὰρ

688 3437 781 3484 κόσμιοι
792 3435 834 3482 καί
844 3435 938 3482 εὔκολοι
953 3448 1003 3492 ωσι,
1018 3432 1060 3479 καί
1070 3432 1098 3479 τὸ
1109 3431 1185 3492 γῆρας

687 3503 785 3561 μετρίως
808 3500 872 3547 ἐστίν
895 3499 1015 3546 ἐπίπονον.
1050 3497 1071 3545 εί
1094 3497 1120 3543 δὲ
1142 3498 1183 3554 μὴ,

1071 3613 1103 3653 12
