2625 3867
158 210 195 266 34
516 189 632 250 CATO
660 189 812 248 MAIOR
1065 188 1107 269 [V
1124 209 1159 267 13

155 320 289 396 profecto
301 317 408 379 videtis
422 319 506 377 nefas
520 336 584 377 esse
599 316 682 378 dictu
701 316 838 379 miseram
853 317 942 379 fuisse
957 320 1047 378 talem
1061 338 1162 379 senec-

155 425 256 476 tutem.
300 418 366 476 Nec
393 426 494 475 tamen
524 432 629 474 omnes
662 424 788 491 possunt
823 434 888 475 esse
922 414 1077 491 Scipiones
1110 425 1161 475 aut

157 509 290 585 Maximi,
314 522 347 571 ut
367 509 485 570 urbium
513 509 756 588 expugnationes,
782 520 815 570 ut
842 510 988 587 pedestris
1011 510 1159 571 navalisve

155 626 279 685 pugnas,
293 617 327 667 ut
345 607 456 667 bellaa
470 618 605 683 segesta,
621 615 654 666 ut
675 605 842 683 triumphos
863 609 1063 668 recordentur.
1107 609 1161 667 Est

156 704 245 764 etiam
259 703 358 781 quiete
373 714 403 764 et
420 721 492 780 pure
505 714 596 780 atque
610 704 762 779 eleganter
774 713 858 763 actae
872 702 977 764 aetatis
990 704 1109 780 placida
1123 724 1160 763 ac
1174 732 1187 772 ς

155 802 231 862 lenis
258 813 402 877 senectus,
440 804 558 879 qualem
591 801 762 878 accepimus
793 801 935 874 Platonis,
963 801 1016 879 qui
1042 822 1105 863 uno
1133 813 1163 863 et

156 900 338 977 octogesimo
365 918 445 961 anno
473 899 603 961 scribens
631 910 676 961 est
703 911 847 976 mortuus,
874 902 993 978 qualem
1026 901 1159 976 Isocrati,

156 997 207 1075 qui
241 1016 309 1058 eum
343 997 459 1073 librum,
488 998 539 1074 qui
577 998 816 1060 Panathenaicus
851 998 1027 1074 inscribitur,
1056 1010 1162 1076 quarto

156 1092 351 1170 nonagesimo
378 1112 459 1153 anno
490 1093 642 1171 scripsisse
670 1094 744 1155 dicit
770 1093 901 1172 vixitque
923 1093 1160 1172 quinquennium

155 1201 259 1267 postea
263 1213 273 1266 ;
293 1191 378 1251 cuius
392 1190 530 1268 magister
544 1192 710 1253 Leontinus
724 1193 850 1270 Gorgias
864 1205 985 1254 centum
1000 1205 1030 1254 et
1043 1205 1159 1272 septem
1175 1226 1200 1254 10

156 1286 317 1364 complevit
338 1306 442 1359 annos,
457 1306 556 1365 neque
569 1307 713 1365 umquam
731 1288 762 1347 in
781 1308 837 1349 suo
855 1288 954 1349 studio
969 1300 1058 1365 atque
1072 1308 1161 1366 opere

156 1384 288 1444 cessavit.
323 1384 391 1461 Qui,
403 1404 471 1445 cum
486 1404 523 1445 ex
536 1404 574 1445 eo
588 1395 777 1461 quaereretur
790 1396 916 1445 curtam
931 1383 983 1445 diu
996 1387 1086 1445 vellet
1096 1404 1161 1447 esse

157 1481 188 1539 in
214 1480 282 1555 vita,
304 1481 394 1541 ‘nihil
417 1483 525 1541 habeo’
555 1480 653 1558 inquit
676 1482 775 1558 ‘quod
795 1500 935 1541 accusem
955 1480 1159 1541 senectutem&

105 1578 142 1634 14
157 1579 342 1638 Praeclarum
356 1597 531 1655 responsum
545 1586 576 1638 et
589 1578 680 1638 docto
693 1575 817 1638 homine
831 1576 968 1655 dignum!
1008 1579 1068 1639 Sua
1082 1576 1161 1637 enim

155 1670 226 1731 vitia
247 1671 419 1749 insipientes
441 1684 471 1733 et
492 1692 577 1733 suam
596 1673 715 1750 culpam
739 1672 770 1731 in
789 1682 975 1733 senectutem
994 1674 1158 1746 conferunt,
1178 1702 1202 1740 ις

157 1769 240 1845 quod
259 1787 320 1829 non
342 1768 468 1831 faciebat
489 1769 523 1843 is,
538 1768 621 1829 cuius
639 1770 733 1830 modo
751 1768 935 1829 mentionem
950 1768 1016 1844 feci,
1032 1767 1161 1828 Ennius:

286 1885 329 1943 sic
345 1891 380 1941 at
387 1884 480 1958 fortis
499 1901 567 1957 ecus,
588 1882 681 1958 spatio
699 1885 753 1958 qui
769 1890 851 1957 saepe
867 1890 997 1957 supremo

203 1986 206 1992 '
282 1980 350 2039 via't
373 1980 518 2055 Olumpia,
540 1998 616 2038 nunc
632 1980 709 2039 senio
727 1980 860 2055 confectas
879 1981 1000 2053 quiescit.

158 2090 236 2168 Equi
262 2092 345 2152 sortis
373 2102 402 2152 et
429 2090 549 2153 victoris
579 2091 724 2153 senectuti
759 2103 911 2169 comparat
939 2073 1044 2166 suam,
1071 2110 1160 2168 quem

156 2186 278 2263 quidem
292 2189 386 2264 probe
400 2186 569 2247 meminisse
582 2187 726 2264 potestis;
746 2207 827 2248 anno
845 2187 925 2249 enim
939 2185 1163 2247 undevicesimo
1177 2217 1203 2244 ω

155 2294 224 2361 post
237 2284 300 2344 eius
314 2296 440 2345 mortem
454 2284 485 2343 hi
499 2287 645 2358 consules,
661 2288 697 2345 T.
713 2284 898 2345 Flamininus
920 2295 951 2345 et
971 2286 1024 2343 Μ’.
1039 2280 1160 2355 Acilius,

155 2380 224 2440 sacti
247 2392 329 2456 sunt;
350 2381 399 2442 ille
413 2393 514 2442 autem
528 2381 683 2459 Caepione
705 2392 736 2443 et
757 2381 896 2459 Philippo
914 2381 1021 2442 iterum
1034 2383 1161 2444 consuli·

154 2477 211 2538 bus
225 2488 356 2537 mortuus
371 2487 424 2552 est,
439 2497 508 2537 cum
523 2497 578 2554 ego
593 2477 727 2555 quinque
741 2488 771 2538 et
789 2477 942 2556 sexaginta
960 2497 1055 2539 annos
1073 2490 1161 2540 natus

154 2574 249 2650 legem
264 2572 432 2633 Voconiam
451 2593 559 2651 magna
576 2592 651 2634 voce
670 2584 702 2634 et
719 2572 808 2635 bonis
824 2573 967 2634 lateribus
989 2572 1158 2634 suasissem

155 2672 260 2730 Annos
282 2669 469 2748 septuaginta
489 2681 586 2745 natus,
601 2680 647 2732 tot
661 2670 741 2731 enim
756 2670 827 2731 vixit
847 2669 969 2743 Ennius,
989 2670 1032 2730 ita
1047 2672 1161 2731 serebat
1175 2701 1200 2740 ος

154 2767 214 2827 duo
224 2786 300 2844 quae
309 2766 437 2826 maxima
445 2751 586 2845 putantur
595 2786 695 2841 onera,
704 2775 910 2844 paupertatem
920 2775 951 2826 et
964 2775 1158 2841 senectutem,

153 2872 187 2922 ut
200 2861 243 2923 eis
257 2882 353 2939 paene
367 2862 509 2923 delectari
518 2862 676 2924 videretur.

101 2962 138 3020 15
212 2959 341 3035 Etenim,
356 2980 423 3021 cum
438 2962 621 3038 complector
638 2958 748 3034 animo,
764 2968 903 3037 quattuor
923 2955 1039 3034 reperio
1054 2976 1159 3017 causas
1281 2990 1294 3021 ι

116 3132 119 3141 ,
153 3076 205 3118 cur
225 3068 362 3119 senectus
384 3057 489 3117 misera
510 3056 659 3118 videatur:
687 3075 788 3128 unam,
804 3057 886 3133 quod
908 3063 1013 3115 avocet
1034 3073 1052 3112 a
1071 3056 1159 3114 rebus
1305 3121 1306 3146 ¹

152 3154 289 3232 gerendis
294 3175 303 3229 3
318 3156 447 3229 alteram,
459 3156 541 3231 quod
552 3172 661 3231 corpus
669 3152 759 3213 faciat
772 3151 916 3212 infirmius
921 3173 930 3226 3
941 3149 1067 3224 tertiam,
1077 3151 1161 3226 quod
1174 3182 1200 3219 30
1305 3151 1306 3166 ¹

151 3250 246 3329 privet
264 3251 403 3312 omnibus
419 3254 479 3311 fere
492 3250 694 3328 voluptatibus
699 3270 709 3323 3
729 3260 873 3326 quartam,
889 3248 971 3325 quod
992 3248 1073 3307 haud
1094 3266 1159 3323 pro

151 3349 200 3408 cul
213 3346 291 3407 absit
304 3366 323 3406 a
336 3359 439 3407 morte
473 3350 592 3420 Earum,
608 3346 633 3405 si
647 3347 754 3424 placet,
767 3364 922 3405 causarum
937 3354 1049 3421 quanta
1057 3362 1159 3420 quam·

151 3462 210 3519 que
224 3441 261 3502 sit
273 3441 352 3502 iusta
364 3462 424 3502 una
438 3460 574 3518 quaeque
588 3441 749 3501 videamus
