2625 3867
149 232 224 288 xrx
240 226 291 308 69]
469 229 536 286 DE
564 228 846 288 sannorum.
1118 247 1155 306 53

149 362 202 420 sed
230 378 305 432 eam,
335 356 411 416 sicut
438 357 506 431 alia,
531 356 681 415 modicam
692 377 701 429 3
732 357 922 417 acerbitatem
943 359 1027 417 nullo
1049 360 1155 433 mod03

148 442 269 517 avaritia
288 454 359 514 v'ero
380 452 480 513 senilis
501 452 574 530 quid
595 452 652 513 sibi
673 453 753 521 velit,
774 473 837 514 non
862 454 1012 532 intellego.
1054 456 1155 515 Potest
1170 456 1208 513 66

147 553 228 613 enim
243 551 404 629 quicquam
419 571 484 613 esse
504 551 663 612 absurdius
677 570 775 628 quarn,
791 571 853 628 quo
866 553 932 613 viae
945 552 1043 612 minus
1057 562 1154 625 restet,

148 670 184 711 eo
198 653 265 728 plus
278 648 378 710 viatici
391 652 550 726 quaerere?

49 672 132 1044 γε
208 749 293 807 XIX
338 748 451 822 Quarta
472 758 564 808 restat
586 767 685 822 causa,
700 768 778 825 quae
797 748 926 809 maxime
944 768 1052 826 angere
1066 759 1156 825 atque

147 843 303 904 sollicitam
327 844 436 905 habere
457 856 590 904 nostram
612 855 742 905 aetatem
763 845 886 919 videtur,
907 844 1155 923 appropinquatio

147 940 259 1012 mortis,
280 959 356 1017 quae
374 951 454 1000 certe
477 960 496 1000 a
515 952 672 1001 senectute
693 960 755 1001 non
777 952 877 1018 potest
899 961 965 1002 esse
986 943 1083 1019 longe.
1126 943 1154 1003 Ο

147 1038 286 1098 miserum
311 1057 422 1112 senem,
450 1037 501 1114 qui
525 1048 652 1098 mortem
675 1039 926 1097 contemnendam
951 1058 1017 1099 esse
1039 1039 1071 1098 in
1093 1048 1155 1098 tam

146 1137 235 1213 longa
248 1145 345 1195 aetate
360 1154 422 1195 non
436 1133 557 1195 videritl
593 1135 679 1210 Quae
693 1146 745 1195 aut
759 1135 848 1211 plane
861 1136 1047 1211 neglegenda
1061 1145 1114 1208 est,
1130 1135 1154 1193 si

107 1262 132 1290 ιο
145 1232 269 1292 omnino
279 1230 438 1307 exstinguit
452 1231 595 1302 animum,
607 1239 659 1289 aut
674 1229 764 1290 etiam
778 1232 917 1307 optanda,
934 1229 959 1289 si
973 1230 1073 1307 aliquo
1085 1250 1153 1289 eum

146 1326 267 1387 deducit
289 1327 342 1387 ubi
364 1328 401 1387 sit
423 1327 538 1387 futurus
558 1337 703 1388 aeternus.
746 1326 840 1403 Atqui
854 1327 973 1388 tertium
986 1338 1067 1388 certe
1077 1326 1153 1385 nihil

145 1424 269 1487 inveniri
283 1436 391 1504 potest.
435 1426 517 1504 Quid
536 1426 623 1504 igitur
641 1426 773 1500 timeam,
788 1426 812 1487 si
832 1437 884 1487 aut
902 1447 964 1488 non
984 1427 1073 1487 miser
1085 1439 1154 1505 post
1168 1429 1205 1487 67

145 1536 280 1600 mortem,
296 1536 348 1585 aut
369 1527 475 1586 beatus
497 1524 587 1585 etiam
610 1527 725 1584 futums
748 1527 832 1585 sum?
873 1526 1063 1601 Quamquam
1086 1524 1153 1602 quis

145 1631 189 1681 est
203 1632 264 1681 tam
279 1624 394 1696 stultus,
410 1622 545 1700 quamvis
559 1621 597 1682 sit
613 1624 797 1695 adulescens,
809 1621 856 1681 cui
872 1622 909 1681 sit
923 1623 1106 1697 exploratum
1121 1640 1153 1682 se

106 1747 129 1784 ις
143 1719 183 1777 ad
205 1737 361 1795 vesperum
381 1738 446 1779 esse
462 1718 627 1779 victurum?
670 1716 750 1793 Quin
773 1716 863 1778 etiam
881 1728 963 1777 aetas
987 1717 1038 1777 illa
1058 1719 1151 1778 multo

144 1812 235 1890 plun's
254 1834 343 1891 quarn
361 1825 463 1874 nostra
484 1833 571 1875 casus
594 1814 698 1875 mortis
718 1815 823 1874 habet:
844 1811 958 1874 facilius
978 1813 1010 1874 in
1031 1815 1152 1874 morbos

145 1910 281 1972 incidunt
309 1914 525 1987 adulescentes,
548 1911 667 1990 gravius
687 1921 850 1989 aegrotant,
873 1909 983 1971 tristius
1004 1921 1150 1972 curantur.

145 2011 253 2086 Itaque
272 2009 360 2087 pauci
374 2010 500 2072 veniunt
518 2011 557 2072 ad
579 2021 762 2071 senectutem
767 2031 777 2084 3
798 2010 880 2087 quod
895 2009 926 2069 ni
939 2008 981 2070 ita
994 2008 1150 2084 accideret,

144 2106 250 2168 melius
269 2119 300 2169 et
321 2109 496 2186 prudentius
510 2109 664 2170 viveretur.
709 2112 798 2170 Mens
813 2108 893 2169 enim
908 2119 938 2168 et
951 2108 1025 2169 ratio
1039 2117 1069 2169 et
1083 2127 1151 2169 con-

106 2234 132 2263 ιο
146 2203 244 2265 silium
266 2204 297 2264 in
320 2205 441 2266 senibus
466 2216 519 2279 est,
535 2206 587 2283 qui
608 2206 632 2266 si
653 2204 728 2265 nulli
749 2206 882 2278 fuissent,
906 2207 1006 2267 nullae
1027 2204 1151 2265 omnino

144 2300 278 2361 civitates
305 2302 437 2362 fuissent
481 2303 541 2362 Sed
569 2302 660 2361 redeo
688 2302 727 2363 ad
759 2312 886 2363 mortem
916 2301 1148 2377 impendentem.

145 2397 236 2473 Quod
257 2407 302 2457 est
323 2396 402 2457 istud
425 2398 537 2457 crimen
558 2397 730 2471 senectutis,
747 2417 818 2458 cum
838 2398 870 2459 id
892 2397 920 2457 ei
938 2397 1063 2458 videatis
1081 2415 1149 2457 cum

143 2494 345 2555 adulescentia
362 2514 427 2555 esse
442 2499 617 2557 commune?
659 2495 745 2556 Sensi
765 2515 823 2573 ego
843 2496 875 2556 in
897 2498 1012 2574 optimo
1030 2496 1101 2568 filio,
1116 2508 1149 2556 tu
1164 2498 1202 2555 68

143 2590 370 2669 inexspectatis
390 2593 429 2652 ad
446 2591 661 2669 amplissimam
683 2592 856 2670 dignitatern
878 2593 1023 2668 fratribus,
1039 2593 1148 2671 Scipio,

4 2680 7 2695 '
103 2717 129 2755 25
143 2699 270 2748 mortem
285 2687 368 2747 omni
382 2688 472 2749 aetati
486 2708 551 2749 esse
566 2708 766 2749 communem.
809 2692 850 2750 At
863 2700 962 2767 sperat
974 2691 1149 2751 adulescens

143 2783 194 2843 diu
209 2803 241 2844 se
255 2782 412 2857 victumm,
427 2785 510 2861 quod
524 2804 642 2861 sperare
656 2785 738 2845 idem
752 2805 844 2847 senex
855 2804 918 2846 non
930 2796 1037 2863 potest
1075 2785 1148 2846 Insi-

141 2879 258 2957 pienter
279 2892 396 2957 sperat3
416 2880 490 2957 quid
510 2881 591 2941 enirn
610 2882 728 2943 stultius
749 2902 839 2960 quam
860 2883 974 2945 incerta
992 2904 1048 2961 pro
1061 2883 1150 2945 certis

142 2980 262 3053 habere,
278 2981 352 3040 falsa
366 2999 420 3057 pro
434 2979 527 3041 veris?
569 2982 610 3042 At
632 3001 724 3042 senex
745 3001 784 3042 ne
806 2983 889 3059 quod
909 2992 1007 3059 speret
1027 2982 1149 3059 quidem

142 3077 240 3137 habet.
283 3080 324 3137 At
352 3086 397 3137 est
421 3094 458 3137 eo
486 3075 609 3137 meliore
637 3076 816 3139 condicione
844 3096 935 3154 quam
962 3078 1147 3149 adulescens,

103 3204 127 3241 ,ο
141 3172 283 3250 quoniam
301 3173 333 3234 id
348 3173 432 3250 quod
446 3172 496 3232 ille
510 3182 607 3250 sperat
622 3172 672 3231 hic
685 3183 865 3233 consecutus
878 3183 936 3233 est:
956 3172 1007 3233 ille
1020 3174 1083 3234 volt
1096 3173 1148 3232 diu

141 3270 249 3344 vivere,
264 3270 314 3330 hic
330 3270 383 3331 diu
396 3270 477 3330 vixit.
516 3271 717 3347 Quamquam,
733 3288 752 3329 o
767 3269 799 3329 di
812 3268 894 3344 boni,
910 3269 983 3346 quid
997 3280 1043 3329 est
1055 3269 1087 3329 in
1101 3270 1152 3330 ho
1163 3271 1200 3328 69

141 3366 229 3429 minis
245 3379 350 3427 natura
364 3367 433 3426 diu?
462 3370 511 3427 Da
525 3367 604 3428 enim
619 3387 791 3446 supremum
805 3378 930 3445 tempus,
946 3377 1149 3444 exspectemus

142 3464 359 3527 Tartessiorum
380 3463 456 3545 regis
479 3475 623 3526 aetatem:
649 3464 704 3525 suit
725 3464 814 3535 enim,
837 3476 870 3524 ut
892 3463 1032 3544 scriptum
1050 3464 1147 3538 video,
