2625 3867
159 208 196 264 54
508 191 624 251 CATO
650 192 801 251 MAIOR
1018 190 1107 272 [XIX
1123 197 1161 269 69

157 318 377 394 Arganthonius
406 321 526 396 quidam
556 320 700 396 Gadibus,
730 320 781 398 qui
809 323 962 400 octoginta
989 334 1162 400 regnaverat

144 434 260 489 annos,
275 427 396 476 centum
409 418 512 494 viginti
524 418 643 478 vixerat.
687 419 747 479 Sed
769 419 841 478 mibi
860 439 898 479 ne
913 411 1163 496 diutumum'qui-

159 514 228 573 dem
243 513 402 591 quicquam
418 516 541 589 videtur,
562 515 674 593 inquo
695 527 740 575 est
758 515 871 593 aliquid
890 527 1054 577 extremum
1063 538 1072 592 3
1092 536 1161 577 cum

158 609 237 670 enim
251 610 283 670 id
297 611 425 685 advenit,
441 623 503 672 tum
522 612 604 686 illud,
625 613 707 689 quod
724 613 881 689 praeteriit,
897 613 1024 689 effluxit;
1044 623 1161 674 tautum

157 718 297 781 remanet,
314 710 396 785 quod
409 708 515 770 virtute
530 721 560 769 et
577 721 657 770 recte
671 710 757 769 factis
778 721 956 771 consecutus
974 730 1014 771 es.
1059 713 1163 772 Horae

157 804 279 881 quidem
293 805 404 865 cedunt
418 815 449 865 et
467 806 530 865 dies
552 815 582 865 et
604 824 723 864 menses
744 816 775 865 et
794 804 875 878 anni,
896 825 952 866 nec
973 805 1161 882 praeteritum

66 922 70 927 ’
157 910 275 978 tempus
293 920 436 978 umquam
459 901 613 962 revertitur
634 922 691 962 nec
710 902 783 978 quid
804 914 944 980 sequatur
965 901 1033 963 sciri
1053 915 1160 980 potest.

159 996 251 1071 Quod
268 997 376 1073 cuique
397 997 539 1074 temporis
561 998 601 1057 ad
622 996 783 1057 vivendum
806 999 900 1072 datur,
925 1002 963 1059 eo
985 998 1076 1059 debet
1096 1018 1163 1059 esse

104 1092 143 1150 to
157 1102 322 1153 contentus
366 1095 474 1170 Neque
502 1093 582 1153 enim
609 1088 754 1167 histrioni,
780 1105 813 1154 ut
839 1096 965 1171 placeat,
992 1096 1164 1171 peragenda

157 1190 257 1249 fabula
270 1200 323 1263 est,
339 1192 431 1251 modo
445 1190 476 1250 in
491 1210 672 1268 quocunque
693 1194 780 1252 fuerit
799 1204 868 1253 actu
888 1194 1031 1270 probetur
1035 1213 1045 1265 ;
1065 1211 1164 1268 neque
1179 1226 1208 1252 ιο

160 1285 342 1363 sapientibus
356 1307 451 1364 usque
465 1289 503 1347 ad
521 1288 682 1365 ‘plaudite'
697 1289 878 1350 veniendum
897 1301 951 1362 est,
971 1294 1063 1353 breve
1081 1292 1162 1352 enim

157 1391 274 1460 tempus
288 1382 392 1443 aetatis
411 1384 482 1444 satis
501 1386 621 1462 longum
645 1394 690 1445 est
713 1387 751 1445 ad
772 1388 850 1446 bene
871 1388 1056 1465 honesteque
1070 1388 1169 1449 viven-

159 1479 231 1538 durn
241 1501 250 1554 ;
284 1480 330 1540 sin
357 1482 533 1557 processerit
561 1482 686 1559 longius,
712 1502 774 1542 non
801 1484 902 1560 magis.
920 1485 1083 1546 dolendum
1106 1497 1161 1559 est,

158 1594 247 1652 quarn
268 1576 412 1654 agricolae
435 1579 538 1637 dolent
561 1578 719 1654 praeterita
741 1579 823 1639 verni
851 1580 991 1657 temporis
1019 1581 1163 1641 suavitate

157 1683 300 1733 aestatem
314 1684 549 1751 autumnumque
562 1674 686 1734 venisse.
710 1677 771 1734 Ver
785 1674 865 1735 enirn
879 1687 1033 1754 tamquam
1048 1679 1165 1738 adules·
1179 1710 1205 1746 15

157 1770 255 1831 centia
273 1771 417 1849 significat
438 1771 626 1848 ostenditque
646 1773 758 1831 fructus
778 1774 891 1832 futuros
896 1793 905 1845 3
929 1773 1042 1850 reliqua
1062 1786 1160 1860 autem

157 1877 292 1944 tempora
305 1867 491 1929 demetendis
510 1868 652 1928 fructibus
667 1878 697 1927 et
718 1867 916 1945 percipiendis
935 1871 1163 1929 accommodata

105 1963 141 2021 71
158 1974 234 2023 sunt.
278 1966 402 2024 Fructus
421 1976 521 2025 autem
540 1965 701 2025 senectutis
714 1976 767 2037 est,
783 1977 815 2025 ut
829 1985 918 2042 saepe
932 1966 1001 2040 dixi,
1015 1978 1085 2027 ante
1099 1986 1162 2044 par·

157 2073 254 2121 torum
281 2063 428 2122 bonorum
456 2062 600 2121 memoria
627 2073 656 2121 et
680 2062 773 2138 copia
818 2063 929 2124 Omnia
951 2074 1061 2137 autem,
1085 2083 1162 2140 quae

157 2160 322 2220 secundum
337 2169 471 2219 naturam
491 2160 574 2231 fiunt,
597 2171 667 2220 sunt
685 2161 824 2221 habenda
845 2161 876 2220 in
897 2160 985 2221 bonis
996 2182 1004 2233 ;
1025 2160 1099 2237 quid
1118 2174 1164 2224 est
1178 2195 1205 2222 ω

157 2267 256 2317 autem
270 2267 331 2317 tam
346 2257 511 2317 secundum
531 2267 665 2316 naturam
680 2276 771 2333 quarn
784 2257 905 2318 senibus
919 2258 1034 2319 emori?
1071 2260 1162 2335 Quod

156 2351 236 2412 idern
271 2350 415 2429 contingit
450 2353 688 2413 adulescentibus
715 2355 889 2414 adversante
916 2365 946 2415 et
979 2368 1163 2433 repugnante

158 2458 267 2507 natura
312 2449 417 2523 Itaque
432 2449 636 2510 adulescentes
650 2449 724 2508 mibi
738 2449 813 2510 mori
827 2450 870 2511 sic
883 2450 1028 2524 videntur,
1044 2463 1078 2512 ut
1091 2472 1160 2511 cum

158 2564 253 2621 aquae
271 2544 462 2605 multitudine
480 2547 617 2606 flammae
631 2546 675 2606 vis
689 2546 871 2623 opprimitur,
887 2566 973 2607 senes
995 2560 1094 2609 autem
1108 2548 1161 2620 sic,

157 2654 189 2703 ut
216 2662 285 2702 cum
312 2661 366 2703 sua
393 2653 508 2719 sponte,
536 2645 619 2703 nulla
645 2643 778 2704 adhibita
804 2643 843 2717 vi,
866 2656 1061 2722 consumptus
1088 2644 1189 2721 ignis,

157 2738 357 2815 exstinguitur,
372 2751 402 2800 et
424 2740 508 2816 quasi
530 2760 621 2817 poma
642 2760 679 2801 ex
700 2740 862 2813 arboribus,
876 2741 968 2801 cruda
982 2741 1007 2801 si
1021 2753 1098 2813 sunt,
1113 2742 1161 2801 vix

157 2838 328 2910 evelluntur,
344 2835 369 2897 si
382 2848 496 2897 matura
507 2848 536 2898 et
549 2848 643 2911 cocta,
656 2838 806 2911 decidunt,
816 2837 958 2897 sicvitam
968 2838 1163 2898 adulescenti-

157 2936 213 2994 bus
234 2934 278 2994 vis
300 2935 403 3007 aufert,
425 2934 544 2995 senibus
568 2935 736 3009 maturitas;
765 2954 841 3010 quae
863 2933 985 3010 quidem
1006 2933 1080 2994 mibi
1099 2946 1160 2994 tam

157 3030 286 3090 iucunda
310 3040 363 3102 est,
386 3035 426 3102 ut,
451 3050 512 3106 quo
539 3030 661 3107 propius
687 3031 727 3090 ad
753 3042 880 3090 mortem
903 3030 1052 3103 accedam,
1076 3030 1161 3107 quasi

156 3126 375 3195 terramvidere
389 3127 490 3187 videar
503 3126 724 3203 aliquandoque
738 3126 769 3185 in
783 3137 901 3203 portum
918 3145 954 3186 ex
975 3127 1066 3202 longa
1084 3126 1163 3185 navi·
1176 3157 1202 3195 ‚a

104 3225 142 3283 ta
156 3224 276 3301 gatione
302 3244 366 3284 esse
389 3235 536 3285 venturus.
581 3226 648 3283 XX.
674 3223 840 3284 Senectutis
864 3234 963 3283 autern
990 3224 1089 3283 nullus
1116 3235 1161 3284 est

156 3336 253 3384 certus
271 3322 421 3396 terminus,
441 3334 580 3399 recteque
600 3322 632 3381 in
654 3340 690 3381 ea
710 3320 824 3392 vivitur,
839 3320 938 3397 quoad
960 3339 1067 3379 munus
1082 3319 1160 3379 offici

158 3419 278 3503 exsequi
299 3431 329 3481 et
349 3421 423 3480 tueri
443 3420 536 3502 possit
558 3430 745 3500 mortemque
763 3428 965 3495 contemnere,
987 3436 1025 3477 ex
1045 3436 1105 3493 qno
1127 3418 1160 3479 fit
