2625 3867
164 216 199 276 52
514 204 628 263 CATO
656 203 807 261 MAIOR
990 200 1113 281 [XVIII
1128 206 1166 277 63

163 329 282 388 salutari
296 329 395 406 appeti
410 331 517 391 decedi
536 331 648 408 assurgi
662 331 772 391 deduci
792 330 894 391 reduci
908 328 1032 403 consuli,
1047 349 1124 406 quae
1138 342 1169 391 et

162 427 242 502 apud
252 446 307 485 nos
322 427 393 487 etin
407 428 471 487 aliis
486 428 662 502 civitatibus,
674 439 707 489 ut
720 449 857 506 quaeque
866 428 978 505 optime
988 441 1103 489 morata
1113 441 1167 502 est,

164 521 205 581 ita
218 523 442 601 diligentissime
453 525 652 586 observantur.
685 526 877 604 Lysandrum
886 525 1166 599 Lacedaemonium,

163 619 247 679 cuius
265 621 357 680 modo
376 621 433 681 feci
453 622 645 696 mentionem,
666 624 763 684 dicere
780 624 863 685 aiunt
881 623 1001 684 solitum
1020 626 1169 684 Lacedae-

163 736 284 775 monem
299 736 364 778 esse
373 718 615 778 honestissimum
627 719 811 779 domicilium
825 720 985 781 senectutis
990 740 1000 793 3
1019 738 1168 795 nusquam
1196 749 1210 786 ⁵

162 804 242 872 enim
262 822 377 872 tantum
399 813 535 874 tribuitur
556 813 653 887 aetati,
677 833 824 891 nusquam
847 826 893 875 est
914 826 1050 875 senectus
1074 815 1168 874 hono

161 910 258 970 ratior.
301 912 381 987 Quin
409 911 497 972 etiam
525 912 686 974 memoriae
705 913 856 990 proditum
877 924 930 988 est,
951 933 1020 973 cum
1041 913 1167 973 Athenis

162 1008 239 1068 ludis
259 1009 381 1085 quidam
395 1010 426 1069 in
441 1012 586 1070 theatrum
601 1011 721 1088 grandis
735 1023 807 1071 natu
821 1010 959 1087 venisset,
974 1031 1083 1089 magno
1097 1031 1166 1070 con·
1267 1002 1270 1006 ¹

162 1126 242 1166 sessu
256 1109 356 1167 locum
370 1127 517 1185 nusquam
532 1108 559 1167 ei
573 1110 677 1169 datum
691 1129 710 1169 a
723 1108 783 1169 suis
796 1109 922 1184 civibus,
929 1130 998 1169 cum
1013 1121 1111 1169 autem
1126 1111 1165 1169 ad
1185 1163 1189 1171 ,

162 1204 417 1265 Lacedaemonios
436 1205 617 1279 accessisset,
634 1206 694 1282 qui,
715 1207 804 1284 legati
820 1227 889 1266 curn
911 1218 1018 1279 essent,
1039 1217 1119 1266 certo
1136 1206 1167 1264 in
1185 1239 1210 1265 ιο

161 1301 229 1361 loco
242 1302 440 1376 considerant,
457 1303 676 1364 consurrexisse
690 1324 794 1375 omnes
810 1304 850 1363 illi
865 1303 1003 1363 dicuntur
1017 1313 1046 1363 et
1060 1322 1164 1363 senern

109 1395 147 1453 64
161 1416 275 1456 sessum
296 1398 441 1476 recepisse
447 1422 456 1474 ;
484 1400 682 1476 quibuscum
704 1420 722 1459 a
742 1413 851 1459 cuncto
875 1418 1017 1459 consessu
1043 1401 1165 1475 plausus

161 1505 238 1554 esset
258 1495 414 1572 multiplex
435 1497 530 1569 datus,
553 1496 662 1556 dixisse
684 1516 720 1556 ex
741 1496 784 1557 eis
804 1498 955 1572 quendam
976 1496 1165 1557 Atheniensis

160 1591 234 1651 scire
253 1611 330 1668 quae
351 1604 431 1653 recta
449 1605 556 1666 essent,
572 1595 624 1655 sed
645 1596 741 1655 facere
762 1596 849 1654 nolle.
894 1596 992 1654 Multa
1012 1594 1042 1653 in
1064 1608 1165 1655 nostro

161 1687 287 1764 collegio
308 1689 465 1764 praeclara,
481 1690 533 1749 sed
552 1691 618 1763 hoc,
634 1692 674 1751 de
687 1710 749 1767 quo
762 1690 887 1767 agimus,
903 1690 934 1748 in
948 1690 1058 1767 primis,
1074 1693 1165 1766 quod,
1184 1723 1206 1759 ι,

160 1795 192 1843 ut
206 1784 331 1861 quisque
344 1795 441 1845 aetate
455 1785 612 1859 antecedit,
628 1786 670 1845 ita
683 1786 848 1847 sententiae
862 1786 1060 1864 principatum
1074 1798 1164 1856 tenet,

160 1901 256 1959 neque
270 1885 367 1943 solum
383 1885 497 1944 honore
513 1883 767 1956 antecedentibus,
782 1885 836 1943 sed
855 1884 897 1944 eis
912 1884 1009 1956 etiam,
1025 1884 1077 1960 qui
1095 1904 1163 1942 eum

159 1980 283 2058 imperio
311 1993 386 2055 sunt,
413 1982 537 2042 maiores
566 1993 637 2041 natu
659 2000 783 2057 augures
805 1992 1033 2057 anteponuntur.
1078 1982 1164 2055 Quae

159 2088 229 2136 sunt
242 2077 327 2155 igitur
336 2080 501 2153 voluptates
515 2078 645 2154 corporis
660 2097 729 2136 cum
744 2077 924 2137 auctoritatis
938 2076 1075 2153 praemiis
1084 2096 1164 2137 com·

159 2177 326 2251 parandae?
367 2175 483 2249 Quibus
497 2174 548 2251 qui
563 2174 719 2252 splendide
732 2174 778 2234 usi
793 2186 869 2248 sunt,
886 2159 931 2273 ei.
942 2174 1014 2233 mihi
1029 2175 1206 2236 videntur·20

159 2270 289 2330 fabulam
303 2270 406 2330 aetatis
421 2270 567 2347 peregisse
582 2290 637 2331 nec
646 2282 797 2347 tamquam
812 2270 994 2331 inexercitati
1008 2271 1163 2332 histriones

159 2368 191 2428 in
206 2380 338 2429 extremo
352 2380 421 2429 actu
435 2369 586 2431 corruisse.

106 2468 143 2525 6⁵
219 2469 260 2527 At
274 2477 342 2528 sunt
352 2466 463 2527 morosi
477 2477 507 2527 et
520 2466 599 2527 anxii
614 2479 643 2528 et
656 2466 789 2526 iracundi
805 2478 834 2527 et
848 2466 982 2525 difficiles
996 2486 1088 2527 senes.
1132 2467 1163 2527 Si

159 2563 336 2639 quaerimus,
359 2563 448 2624 etiam
469 2563 566 2640 avari3
595 2566 646 2625 sed
675 2565 750 2623 haec
774 2583 889 2623 morum
911 2561 982 2622 vitia
1000 2574 1077 2635 sunt,
1101 2582 1162 2621 non

159 2659 324 2720 senectutis.
362 2662 408 2719 Ac
422 2659 577 2720 morositas
589 2671 690 2720 tamen
704 2671 734 2719 et
742 2679 778 2718 ea
791 2658 871 2731 vitia,
881 2678 958 2735 quae
973 2657 1040 2727 dixi,
1054 2659 1165 2717 habent
1179 2690 1204 2727 ²5

158 2753 270 2831 aliquid
285 2755 490 2830 excusationis,
507 2775 568 2814 non
590 2755 668 2815 illius
684 2754 924 2831 quidem-iustae,
940 2755 993 2814 sed
1008 2773 1084 2830 quae
1099 2773 1164 2829 pro

157 2852 220 2912 bari
248 2872 335 2930 posse
363 2853 510 2914 videatur:
540 2852 693 2913 contemni
720 2872 752 2912 se
779 2861 894 2929 putant,
919 2850 1041 2928 despici,
1064 2850 1162 2926 illudi;

157 2962 308 3027 praeterea
326 2950 357 3009 in
372 2950 466 3027 fragili
487 2970 611 3027 corpore
630 2950 735 3010 odiosa
753 2950 851 3009 omnis
865 2948 991 3009 offensio
1006 2958 1050 3009 est
1056 2972 1064 3023 ;
1085 2969 1162 3025 quae

157 3057 257 3106 tamen
272 3046 373 3106 omnia
382 3046 515 3106 dulciora
530 3048 604 3105 fiunt
615 3057 645 3107 et
659 3046 791 3106 moribus
801 3046 888 3105 bonis
897 3057 927 3105 et
941 3044 1059 3114 artibus,
1071 3044 1162 3121 idque

157 3163 226 3205 cum
240 3142 271 3203 in
284 3143 345 3203 vita
359 3155 422 3204 tum
437 3144 468 3204 in
483 3163 591 3203 scaena
604 3143 734 3221 intellegi
748 3155 847 3219 potest
862 3164 898 3203 ex
912 3142 954 3203 eis
968 3142 1103 3202 fratribus
1112 3142 1163 3219 qui
1178 3175 1204 3211 30

156 3242 188 3300 in
202 3242 347 3319 Adelphis
361 3253 437 3303 sunt.
461 3243 582 3318 Quanta
595 3240 625 3300 in
641 3243 734 3301 altero
749 3240 856 3315 diritas,
872 3240 904 3299 in
917 3241 1009 3299 altero
1023 3239 1161 3299 comitas!

156 3337 204 3397 Sic
224 3356 256 3397 se
277 3357 323 3397 res
342 3337 445 3397 habet:
464 3348 498 3397 ut
515 3336 595 3396 enim
612 3356 674 3396 non
694 3356 783 3396 omne
801 3335 911 3408 vinum,
926 3335 968 3395 sic
989 3354 1051 3394 non
1065 3336 1163 3395 omnis

155 3444 259 3493 natura
273 3444 419 3494 vetustate
438 3432 592 3493 coacescit.
636 3431 826 3493 Severitatem
840 3430 871 3490 in
888 3441 1039 3490 senectute
1056 3432 1161 3506 probo,
