2625 3867
156 178 192 236 μ
500 161 615 220 εΑφο
643 160 795 220 MAIOR
1057 156 1155 239 [1117

154 290 279 348 moleste
292 289 401 348 ferrent
414 307 470 348 nec
484 308 502 347 a
516 288 575 348 suis
590 288 818 365 despicerentur.
851 287 911 348 Sed
926 288 1059 347 omnium
1074 288 1159 349 istius

154 386 236 445 modi
264 386 458 461 querellarum
486 384 517 443 in
548 383 680 444 moribus
707 395 752 444 est
779 385 875 461 culpa,
903 403 965 444 non
993 385 1024 443 in
1051 396 1156 446 aetate.

155 480 305 541 Moderati
325 480 405 541 eninr
425 491 454 541 et
472 499 530 540 nec
550 480 686 540 difficiles
705 500 762 540 nec
779 479 936 540 inhumani
954 500 1041 541 senes
1055 483 1158 542 tolera·

153 578 243 639 bilem
258 590 441 640 senectutem
455 590 555 657 agunt,
568 577 776 656 importunitas
792 590 892 640 autem
911 590 941 640 et
958 579 1158 641 inhumanitas

153 675 236 734 omni
250 674 340 736 aetati
353 677 479 736 molesta
492 689 543 735 est
1172 707 1186 747 ς

119 772 139 829 8
214 774 359 831 Laeuus,
381 776 384 781 ’
403 774 466 845 Est,
480 782 514 857 ut
533 771 616 847 dicis,
632 775 730 846 Cat03
752 774 806 833 sed
819 775 942 833 fortasse
961 774 1068 834 dixerit
1082 774 1159 850 quis-

153 865 233 943 piam
246 866 301 927 tibi
314 877 434 944 propter
450 886 523 943 opes
543 877 572 927 et
591 866 692 945 copias
711 879 742 928 et
761 867 935 946 dignitatem
954 880 1037 931 tuam
1055 871 1158 929 tolera·
1300 857 1302 914 l

153 964 290 1025 biliorem
318 977 501 1027 senectutem
528 965 629 1041 videri,
658 966 692 1028 id
718 978 819 1027 autem
846 988 909 1028 non
937 989 1024 1045 posse
1057 968 1158 1028 multis

152 1062 333 1139 contingere.

214 1159 309 1219 cmo.
347 1159 401 1217 Est
414 1157 490 1217 istuc
505 1157 635 1233 quidem,
652 1160 743 1231 Laeli,
758 1158 880 1235 aliquid,
896 1160 949 1219 sed
967 1179 1200 1236 nequaquam10

152 1252 184 1313 in
197 1252 255 1315 isto
269 1264 339 1314 sunt
352 1254 453 1314 omnia
461 1277 471 1330 ;
491 1264 523 1314 ut
540 1254 759 1315 Themistocles
777 1257 867 1314 fertur
885 1254 1018 1332 Seriphio
1037 1255 1157 1315 cuidam

151 1349 183 1409 in
205 1350 299 1427 iurgio
323 1351 520 1428 respondisse,
539 1370 607 1409 cum
628 1351 678 1411 ille
701 1349 823 1411 dixisset
844 1369 907 1411 non
929 1369 999 1410 eum
1020 1370 1082 1423 sua,
1103 1351 1157 1411 sed

152 1445 263 1522 patriae
280 1446 373 1524 gloria
388 1448 575 1522 splendorem
591 1457 778 1507 assecutum:
801 1452 871 1507 ‘nec
892 1449 1012 1508 hercule
1019 1448 1035 1520 ’,
1050 1447 1155 1524 inquit,

155 1543 195 1601 ‘si
223 1563 278 1621 ego
306 1542 456 1620 Seriphius
489 1562 593 1616 essem,
622 1563 680 1603 nec
707 1555 748 1618 tu,
777 1543 802 1604 si
834 1544 1034 1619 Atheniensis,
1063 1546 1157 1604 clarus

152 1659 294 1717 umquam
318 1640 445 1699 suisses'.
493 1640 585 1715 Quod
612 1640 719 1700 eodem
748 1640 840 1700 modo
861 1641 901 1699 de
921 1651 1074 1701 senectute
1098 1640 1197 1709 dici15

154 1749 253 1817 potest
263 1761 273 1815 3
302 1759 359 1800 nec
391 1738 470 1800 enirn
494 1738 525 1798 in
550 1757 668 1798 summa
691 1737 793 1816 inopia
827 1720 900 1797 levis
928 1758 993 1798 esse
1020 1748 1157 1797 senectus

152 1846 260 1912 potest,
282 1854 320 1894 ne
339 1834 465 1911 sapienti
484 1833 612 1912 quidem,
637 1853 695 1893 nec
712 1832 864 1911 insipienti
882 1832 973 1893 etiam
991 1832 1022 1892 in
1041 1852 1158 1892 summa

119 1934 136 1990 9
152 1930 239 2009 copia
259 1950 321 1991 non
338 1930 440 2008 gravis.
485 1930 648 2007 Aptissima
664 1929 788 1989 omnino
807 1940 884 2001 sunt,
900 1929 1000 2006 Scipio
1016 1939 1045 1988 et
1065 1929 1155 2002 Laeli,

151 2048 233 2087 arma
255 2028 413 2089 senectutis
440 2037 517 2087 artes
540 2027 826 2103 exercitationesque
849 2026 1000 2099 virtutum,
1026 2045 1102 2102 quae
1125 2025 1157 2084 in

152 2126 233 2187 omni
257 2138 354 2188 aetate
377 2128 482 2197 cultae,
504 2146 572 2186 cum
595 2126 647 2186 diu
671 2128 856 2202 multumque
878 2124 991 2197 vixeris,
1017 2124 1157 2184 mirificos
1172 2155 1198 2183 ω

152 2226 283 2284 ecferunt
307 2225 425 2295 fructus,
450 2242 511 2283 non
536 2225 632 2283 solum
657 2222 728 2300 quia
752 2241 916 2298 numquam
944 2222 1092 2295 deserunt,
1118 2240 1157 2281 ne

152 2331 283 2380 extremo
316 2319 436 2397 quidem
465 2331 598 2397 tempore
625 2320 738 2393 aetatis
768 2338 948 2397 quamquam
975 2319 1008 2379 id
1035 2318 1157 2397 quidem

152 2416 314 2476 maximum
339 2428 391 2491 est,
416 2437 518 2477 verum
546 2417 635 2477 etiam
664 2418 734 2493 quia
761 2416 945 2477 conscientia
971 2418 1050 2476 bene
1073 2428 1157 2475 actae

151 2513 229 2575 vitae
250 2517 471 2592 multorumque
492 2515 569 2574 bene
590 2516 736 2574 factomm
756 2514 923 2573 recordatio
944 2512 1157 2573 iucundissima

46 2651 92 2677 ..2
151 2622 203 2671 est.
1172 2643 1197 2680 2⁵

99 2710 136 2768 10
212 2711 265 2769 IV.
313 2711 378 2786 Ego
403 2710 440 2783 Q.
471 2708 647 2781 Maximum,
673 2727 743 2767 eum
770 2708 821 2783 qui
846 2711 1010 2767 Tarentum
1037 2708 1155 2785 recepit,

151 2824 254 2866 senem
277 2806 452 2865 adulescens
474 2804 516 2864 ita
538 2803 637 2879 dilexi,
663 2815 696 2864 ut
718 2806 882 2881 aequalem.
927 2807 998 2864 Erat
1022 2804 1102 2864 enim
1126 2805 1156 2864 in

150 2902 202 2963 illo
215 2902 278 2963 viro
297 2902 437 2963 comitate
457 2903 579 2963 condita
596 2902 731 2979 gravitas,
747 2922 804 2961 nec
822 2912 959 2961 senectus
979 2921 1077 2962 mores
1096 2922 1158 2961 mu·

151 3010 272 3059 taverat.
316 3001 507 3077 Quamquam
522 3020 591 3059 eum
604 3001 703 3060 colere
720 3000 807 3077 coepi
821 3020 883 3060 non
897 3002 1062 3060 admodum
1075 3020 1159 3077 gran-

152 3096 222 3155 dem
244 3107 325 3167 natu‚
346 3098 398 3155 sed
421 3107 522 3156 tamen
544 3096 603 3155 iarn
624 3106 723 3156 aetate
742 3107 924 3174 provectum.
967 3099 1058 3156 Anno
1079 3096 1159 3157 enim
1173 3126 1198 3165 ³0

152 3201 221 3268 post
234 3192 338 3250 consul
353 3189 479 3267 primum
498 3193 593 3250 suerat
612 3210 702 3265 quam
717 3211 773 3267 ego
786 3202 873 3251 natus
888 3211 963 3264 sum,
978 3211 1107 3267 cumque
1120 3210 1158 3251 eo

152 3300 290 3366 quartum
303 3292 427 3349 consule
440 3291 681 3350 adulescentulus
697 3290 782 3351 miles
795 3292 835 3351 ad
855 3293 990 3369 Capuam
1008 3293 1157 3369 profectus

152 3406 217 3447 sum
238 3385 402 3464 quintoque
422 3406 502 3447 anno
521 3398 590 3463 post
607 3388 647 3447 ad
667 3391 837 3448 Tarentum
882 3389 1029 3462 Quaestor
1049 3388 1158 3449 deinde
1188 3387 1191 3398 “
1235 3467 1238 3473 ¹
