2625 3867
480 219 840 282 rwrnooocrron
1114 241 1151 297 23

157 353 207 409 the
216 354 292 407 elder
301 368 442 423 preserves
450 351 498 405 the
506 350 645 420 following
654 350 793 418 fragment
802 349 834 404 ol
839 350 887 404 the
896 349 972 404 book
981 346 1071 403 which
1082 349 1152 403 Cato

156 440 312 495 addressed
331 447 360 493 to
379 437 424 492 his
442 454 511 491 son:
527 436 619 491 dicam
637 436 672 489 de
690 436 754 488 istis
771 436 884 490 Graecis
901 452 953 489 suo
971 436 1037 502 loco,
1054 437 1154 489 Marce

147 525 208 593 fili.
244 523 318 594 quid
328 523 452 577 Athenis
463 522 634 592 exquesitum
650 520 766 575 babeam
783 527 811 574 et
825 521 903 590 quod
917 521 1018 575 bonum
1035 521 1075 573 sit
1090 521 1152 574 illo

157 626 222 665 rum
241 611 351 665 litteras
369 608 514 678 inspicere,
535 625 592 663 nan
604 607 771 678 perdiscere,
792 608 913 661 vincam.
950 607 1152 676 nequissimum

156 702 185 749 et
195 695 313 749 indocile
319 712 412 766 genus
423 694 549 761 illorum,
560 697 589 746 et
603 694 654 747 lcoc
658 697 735 761 puta
743 698 837 745 uatem
848 690 953 744 deense
961 710 972 744 .·
988 693 1154 761 quandoque

157 781 213 835 csta
220 798 367 853 genssuos
376 781 485 834 litteras
496 779 583 847 dabit,
594 778 691 833 omnia
702 781 869 847 corrumpet,
882 784 944 831 tum
954 779 1040 831 etiam
1052 778 1152 847 magis,

156 868 185 921 si
201 868 318 921 medicos
334 882 400 920 suos
416 865 473 919 buc
490 866 591 919 mittat.
628 866 766 918 iurarunt
783 864 860 917 inter
874 881 903 917 se
916 864 1046 918 barbaros
1057 880 1154 917 necare

156 955 249 1007 omnis
260 953 406 1020 medicina,
418 960 445 1009 et
454 951 506 1007 lcoc
517 952 610 1023 ipsum
624 952 743 1005 mercede
745 952 867 1021 faciunt
879 956 913 1004 ut
920 952 996 1021 fides
1013 952 1053 1004 eis
1071 953 1111 1005 sit
1127 958 1155 1005 et

147 1040 241 1111 sacile
251 1039 421 1109 disperdant.
458 1055 510 1093 nas
519 1054 628 1107 quoque
639 1038 773 1091 dictitant
782 1039 914 1093 barbaros
924 1044 952 1093 et
961 1040 1092 1108 spurcius
1103 1056 1153 1092 nos

156 1142 243 1195 quam
256 1125 328 1179 aleos
338 1126 428 1195 epicos
436 1123 622 1193 appellatione
624 1122 752 1193 foedant.
777 1123 916 1177 interdixi
926 1124 1021 1177 libide
1032 1124 1150 1176 nudiccs.

156 1213 228 1266 This
250 1210 351 1265 hatred
370 1226 428 1263 was
448 1210 544 1263 shown
563 1208 593 1262 in
612 1217 673 1262 acts
692 1225 770 1262 more
791 1209 859 1263 than
879 1226 958 1264 once.
996 1210 1043 1263 No
1064 1210 1152 1264 doubt

158 1299 230 1352 Cato
242 1314 299 1351 was
318 1305 348 1351 at
365 1296 413 1349 the
425 1311 491 1365 very
503 1294 575 1348 least
592 1310 610 1347 a
627 1294 795 1361 consenting
812 1303 894 1363 party
906 1304 935 1349 to
947 1295 995 1350 the
1007 1295 1152 1365 expulsion

156 1382 229 1437 from
253 1384 344 1436 Rome
362 1380 394 1434 of
409 1379 502 1435 Greek
519 1380 647 1435 teachers
664 1379 695 1433 in
716 1378 762 1432 161
784 1390 838 1434 nc.
874 1380 968 1434 When
987 1380 1017 1433 in
1037 1392 1082 1450 155
1104 1381 1153 1434 the

156 1467 267 1520 famous
280 1466 411 1534 embassy
423 1481 503 1519 came
516 1465 588 1519 from
600 1465 710 1518 Athens
722 1465 878 1534 consisting
890 1466 922 1519 ol
932 1466 1092 1521 Carneades
1104 1466 1152 1520 the

156 1553 320 1619 Academic,
341 1553 482 1609 Critolaus
501 1551 549 1607 the
570 1552 736 1621 Peripatetic
755 1553 813 1606 and
835 1553 978 1621 Diogenes
997 1554 1045 1606 the
1066 1552 1152 1621 Stoic,

113 1663 117 1669 ·
158 1641 229 1695 Cato
249 1656 306 1694 was
330 1656 347 1692 a
370 1639 460 1709 prime
479 1655 575 1693 mover
596 1638 629 1691 ol
642 1638 691 1693 the
712 1638 812 1693 decree
830 1640 868 1708 by
887 1639 978 1694 which
997 1639 1063 1707 they
1081 1657 1152 1695 were

157 1724 289 1779 removed
306 1724 378 1777 from
396 1723 444 1777 the
462 1723 525 1791 city.
563 1724 694 1777 Socrates
712 1740 770 1777 was
788 1740 843 1778 one
861 1723 893 1777 of
908 1722 1000 1779 Cato’s
1016 1724 1152 1778 favourite

157 1809 251 1863 marks
269 1808 313 1863 lor
326 1808 406 1877 jests.
440 1808 507 1862 And
518 1808 574 1862 this
587 1807 611 1861 is
624 1808 672 1862 the
684 1824 751 1862 man
764 1808 823 1862 into
836 1808 929 1863 whose
942 1810 1040 1863 mouth
1053 1810 1152 1865 Cicero

157 1902 221 1965 puts
233 1894 281 1949 the
293 1903 460 1962 utterances,
472 1894 524 1947 but
535 1893 647 1962 slightly
660 1893 759 1960 veiled,
771 1895 803 1947 ol
813 1894 906 1949 Greek
918 1894 1050 1949 wisdoml

211 1982 280 2051 Livy
293 1982 346 2051 (39,
359 1981 404 2049 40)
419 1981 483 2035 thus
493 1980 595 2050 judges
609 1981 697 2035 Cato:
715 1981 746 2033 in
763 1982 814 2035 leoc
828 1982 893 2035 viro
905 1988 985 2035 tanta
1003 1983 1050 2035 vc's
1060 1984 1154 2036 animi

156 2074 306 2144 ingentique
316 2073 390 2142 suit,
410 2077 445 2126 ut
466 2088 637 2141 quocumque
657 2071 714 2125 loco
738 2076 823 2124 natus
843 2076 917 2133 esset,
929 2071 1082 2140 fortunam
1099 2071 1154 2123 sibi

156 2161 215 2230 epse
223 2160 361 2229 facturas
368 2158 462 2227 flasse
474 2158 625 2211 videretur.
661 2156 755 2210 Nulla
767 2173 815 2210 ars
826 2173 913 2225 neque
917 2157 1055 2226 pn'uatac
1065 2173 1153 2225 neque

151 2247 281 2317 publicae
291 2247 336 2301 rei
340 2243 480 2316 gerendae
491 2245 518 2298 ei
528 2244 638 2313 defuit,·
655 2244 779 2297 urbanas
795 2244 968 2312 rusticasque
983 2259 1027 2295 res
1038 2245 1154 2313 pariter

157 2334 279 2389 callebat.
303 2329 801 2385 adsummoslconoresaliosscicntia
813 2329 977 2396 clericalia
987 2329 1152 2398 eloquentia,

157 2421 229 2475 alios
246 2419 344 2490 gloria
368 2417 505 2471 militam's
521 2416 678 2485 provenia-
702 2415 770 2469 huic
790 2416 923 2469 versatile
942 2416 1089 2487 ingenium
1112 2418 1154 2471 sic

126 2544 129 2549 ·
151 2510 267 2578 pariter
272 2507 313 2561 ad
320 2507 415 2560 omnia
418 2506 492 2576 ficit,
504 2510 539 2558 ut
549 2510 648 2557 natum
655 2504 697 2557 ad
704 2504 739 2557 id
747 2520 837 2558 unum
844 2504 955 2571 diceres,
962 2504 1153 2573 quodcumque

156 2601 268 2665 ageret,·
284 2595 315 2647 in
333 2593 402 2647 bello
417 2608 505 2645 manu
516 2590 696 2660 firmissimus
713 2591 864 2660 multisque
881 2590 1041 2659 insignibus
1057 2592 1152 2645 clarus

151 2682 270 2751 pugnis,
287 2680 360 2732 idem
372 2683 524 2749 postquam
545 2676 587 2729 ad
602 2693 720 2747 magnos
735 2675 853 2730 bonores
865 2676 1008 2744 pervenit,
1024 2693 1152 2730 summus

156 2768 316 2837 imperator,
329 2766 401 2819 c’dcm
416 2766 447 2818 in
452 2769 530 2835 pace,
542 2764 571 2817 si
580 2764 626 2817 ius
637 2762 797 2830 comuleres,
803 2764 1013 2835 peritissimus,·
1029 2766 1058 2817 si
1067 2782 1152 2819 causa

157 2852 265 2907 manda
277 2857 353 2917 essct,
364 2848 623 2920 eloquentcssc'mus:
641 2848 726 2902 necis
738 2853 849 2901 lantum
864 2850 946 2902 cuius
962 2850 1065 2919 lingua
1083 2851 1152 2903 vc’no

157 2956 187 2993 eo
198 2938 333 3008 arguerit,
345 2941 556 2990 monumentum
567 2935 740 3005 eloquentiae
751 2935 864 2988 nullum
876 2939 969 3003 exstet,
977 2937 1056 2989 vc'ait
1066 2938 1152 2989 immo

156 3028 287 3098 vigetque
303 3024 458 3093 eloquentia
477 3023 538 3077 eius
554 3028 665 3077 sacrata
683 3023 796 3092 scripta
815 3024 907 3076 omnis
920 3024 1040 3093 generis.
1081 3024 1151 3078 Ora-

157 3117 244 3169 tiones
261 3119 289 3168 et
298 3116 356 3181 pro
373 3129 401 3165 se
419 3112 523 3165 multae
537 3117 565 3164 et
574 3114 632 3179 pro
644 3109 712 3163 aliis
723 3110 793 3162 etin
804 3109 894 3163 alios:
912 3127 979 3163 nam
992 3126 1049 3163 non
1060 3111 1151 3165 solum

156 3198 319 3266 mussando,
327 3197 470 3251 sedetiam
482 3212 595 3249 causam
607 3194 722 3248 dicendo
722 3195 872 3263 fatigavit
882 3195 1015 3249 inimicos.
1044 3197 1153 3249 Simul-

157 3292 227 3340 tates
244 3286 333 3338 nimc'o
344 3283 446 3354 plures
463 3288 491 3337 et
505 3288 693 3337 exercuerunt
701 3298 765 3335 eum
777 3288 805 3335 et
819 3283 877 3350 ipse
887 3283 1011 3335 exercuit
1019 3299 1085 3347 eas,·
1101 3300 1153 3337 nec

149 3372 239 3441 facile
262 3369 368 3423 deren's
392 3375 489 3423 utrum
514 3368 606 3437 magis
623 3367 762 3436 presserit
783 3384 847 3420 eum
875 3367 1007 3420 nobilitas
1034 3385 1073 3421 an
1103 3369 1153 3423 ille

156 3457 314 3533 agitaverit
329 3454 509 3513 nobilitatem·
543 3454 651 3531 Asperi
661 3452 767 3529 procul
781 3453 865 3513 debeb
884 3453 978 3513 am'mi
992 3459 1020 3508 et
1036 3454 1152 3526 Inguae
