2625 3867
166 230 204 299 4⁶
519 230 811 290 mmmm
1028 230 1170 314 [mm

166 378 264 420 carere
278 379 365 420 sensu
380 371 571 423 senectutem.
615 364 668 421 Me
682 382 752 423 vero
766 375 796 424 et
812 363 978 442 magisteria
992 366 1141 428 delectant
1154 388 1172 427 a

166 456 325 516 maioribus
338 455 471 517 instituta
485 467 514 517 et
535 456 560 516 is
575 476 681 531 sermo,
698 456 748 534 qui
762 478 845 520 more
863 460 1009 520 maiorum
1023 481 1042 521 a
1055 482 1171 523 summo

167 553 323 613 adhibetur
333 552 363 612 in
374 556 493 630 poculo,
506 565 536 614 et
545 555 662 630 pocula,
672 554 746 614 sicut
755 554 786 614 in
795 556 952 633 Symposio
962 558 1172 634 Xenophontis

168 661 220 721 est,
226 649 341 709 minuta
348 661 438 728 atque
446 651 582 723 rorantia,
596 661 625 711 et
633 651 812 729 refrigeratio
821 664 932 713 aestate
942 664 971 714 et
982 653 1109 715 vicissim
1121 667 1171 716 aut

167 746 211 804 sol
225 756 275 806 aut
289 744 365 822 ignis
379 746 528 805 bibemus.
572 748 656 821 Quae
671 746 794 822 quidem
812 747 901 809 etiam
922 749 953 807 in
974 751 1092 813 Sabinis
1110 772 1173 829 per·

166 841 250 919 sequi
267 844 349 902 soleo
368 842 598 919 conviviumque
619 842 784 903 vicinorum
802 844 913 905 cotidie
927 850 1074 924 compleo,
1090 852 1173 926 quod

166 940 206 998 ad
225 940 350 999 multam
371 949 490 999 noctem
510 958 600 1015 quam
619 941 749 1001 maxime
764 961 922 1018 possumus
940 943 1021 1005 vario
1035 965 1171 1007 sermone

56 1024 89 1067 ³
113 1036 151 1094 47
166 1033 365 1111 producimus.
409 1037 450 1095 At
463 1054 525 1095 non
542 1047 586 1096 est
600 1038 788 1113 voluptatum
804 1048 887 1097 tanta
901 1040 985 1115 quasi
999 1040 1126 1102 titillatio
1140 1042 1171 1102 in

166 1131 294 1193 senibus
339 1134 447 1205 Credo,
463 1133 516 1192 sed
531 1152 569 1193 ne
583 1132 761 1195 desideratio
770 1134 891 1211 quidem
896 1157 906 1210 ;
925 1136 1000 1196 nihil
1013 1149 1112 1198 autem
1126 1152 1171 1201 est

167 1228 325 1287 molestum
339 1228 421 1303 quod
434 1246 496 1287 non
510 1226 669 1289 desideres.
713 1232 794 1290 Bene
808 1232 981 1308 Sophocles,
1000 1253 1070 1293 cum
1084 1254 1122 1295 ex
1135 1254 1172 1295 eo
1188 1268 1213 1295 ιο

167 1325 289 1402 quidam
323 1324 382 1384 iam
417 1326 524 1385 affecto
558 1337 655 1386 aetate
690 1337 852 1403 quaereret,
881 1338 1051 1390 utereturne
1083 1333 1170 1391 rebus

167 1422 300 1496 veneriis,
313 1422 361 1485 ‘di
375 1422 496 1482 meliora
508 1424 525 1481 l'
540 1422 649 1499 inquit3
668 1426 735 1501 ‘ego
746 1443 815 1484 vero
830 1422 916 1483 istinc
926 1424 1001 1484 sicut
1014 1445 1033 1485 a
1047 1426 1171 1487 domino

167 1521 272 1600 agresti
298 1542 335 1581 ac
367 1520 478 1582 furioso
505 1522 639 1598 profugi?
681 1521 806 1599 Cupidis
833 1522 910 1582 enirn
940 1544 1035 1583 rerum
1069 1524 1171 1583 talium

167 1619 305 1681 odiosum
320 1622 442 1679 sortasse
457 1630 486 1681 et
507 1621 666 1681 molestum
681 1630 725 1680 est
744 1639 852 1692 carere,
868 1620 979 1681 satiatis
997 1640 1067 1681 vero
1082 1633 1111 1682 et
1126 1642 1171 1683 ex-

168 1715 254 1792 pletis
267 1715 424 1776 iucundius
439 1725 484 1775 est
502 1734 601 1776 carere
617 1735 707 1792 quam
723 1716 780 1774 frui
789 1737 799 1790 3
819 1735 1001 1792 quamquam
1018 1736 1080 1777 non
1094 1730 1198 1779 caret1

159 1795 199 1887 is,
213 1814 264 1890 qui
278 1833 340 1874 non
355 1812 504 1873 desiderat
509 1833 518 1885 3
539 1832 609 1891 ergo
623 1814 682 1873 hoc
696 1832 757 1873 non
772 1814 939 1873 desiderare
956 1812 1024 1873 dico
1046 1834 1110 1873 esse
1129 1816 1171 1874 iu-

115 1908 153 1967 48
167 1909 299 1969 cundius.
344 1909 436 1982 Quod
456 1908 480 1968 si
501 1908 563 1968 istis
585 1908 655 1985 ipsis
669 1909 868 1985 voluptatibus
881 1910 961 1969 bona
975 1920 1056 1970 aetas
1070 1910 1172 1970 fruitur

167 2004 315 2080 libentiuS,
332 2004 458 2081 primum
479 2004 605 2081 parvolis
624 2004 728 2064 smitur
745 2007 840 2079 rebus,
856 2016 889 2064 ut
903 2006 1039 2079 diximus,
1061 2007 1171 2067 deinde

168 2104 218 2176 eis,
234 2103 341 2179 quibus
356 2112 499 2174 senectus,
510 2102 599 2163 etiarn
611 2102 635 2162 si
645 2121 708 2162 uon
719 2103 838 2161 abunde
848 2102 967 2178 potitur,
977 2122 1039 2162 non
1048 2104 1171 2164 omniuo

168 2208 255 2259 caret.
298 2200 343 2260 Ut
356 2198 510 2275 Turpione
526 2197 668 2257 Ambivio
681 2198 774 2275 magis
788 2199 952 2259 delectatur
965 2198 1015 2275 qui
1033 2198 1064 2257 in
1078 2199 1173 2276 prima
1187 2232 1212 2259 ω

167 2312 258 2353 cavea
272 2303 393 2370 spectat,
406 2293 570 2352 delectatur
584 2304 685 2352 tamen
700 2294 789 2353 etiam
804 2292 855 2370 qui
868 2293 899 2352 in
913 2294 1025 2369 ultima,
1041 2294 1083 2354 sic
1097 2297 1170 2355 adu·

168 2390 309 2451 lescentia
326 2391 492 2466 voluptates
514 2400 633 2466 propter
652 2389 771 2449 intuens
784 2389 878 2467 magis
897 2391 1020 2450 fortasse
1038 2392 1170 2467 laetatur,

168 2488 220 2547 sed
241 2489 404 2550 delectatur
424 2487 514 2547 etiam
535 2496 680 2560 senectus,
699 2488 804 2563 procul
825 2506 875 2547 eas
895 2497 1041 2563 spectans,
1056 2498 1172 2549 tantum

114 2586 152 2643 49
168 2595 312 2663 quantum
322 2596 367 2645 sat
376 2595 428 2645 est.
471 2586 511 2645 At
524 2583 575 2645 illa
585 2585 689 2661 quanti
700 2596 777 2653 sunt,
788 2586 920 2645 animum
930 2597 1081 2663 tamquam
1095 2608 1172 2649 eme-

167 2682 229 2743 ritis
247 2682 401 2761 stipendiis
419 2681 549 2743 libidinis
567 2682 746 2757 ambitionis,
765 2683 992 2743 contentionum
1009 2684 1174 2745 inimicitia·
1187 2716 1212 2753 25

167 2802 241 2855 rum,
251 2780 447 2858 cupiditatum
456 2781 590 2841 omnium
599 2802 701 2842 secum
710 2802 775 2842 esse
783 2800 953 2859 secumque,
962 2793 995 2841 ut
1005 2783 1119 2856 dicitur,
1129 2783 1171 2843 vi·

168 2885 250 2941 vere!
292 2880 323 2941 Si
336 2900 407 2941 vero
421 2881 512 2941 habet
525 2880 646 2957 aliquod
661 2891 814 2958 tamquam
831 2881 976 2957 pabulum
990 2881 1069 2942 studi
1083 2891 1172 2959 atque

169 2978 330 3050 doctrinae,
345 2976 418 3037 nihil
432 2988 477 3038 est
493 2977 590 3037 otiosa
608 2988 761 3039 senectute
778 2977 944 3038 iucundius.
987 2977 1171 3038 Videbamus

169 3074 199 3133 in
214 3073 312 3134 studio
326 3074 500 3134 dimetiendi
517 3094 613 3151 paene
627 3075 703 3136 caeli
716 3086 807 3153 atque
829 3086 922 3136 terrae
936 3077 1056 3135 Gallum
1070 3076 1172 3136 famili-

168 3190 247 3231 arem
268 3169 358 3247 patris
378 3169 430 3244 tui,
450 3170 559 3247 Scipio.
603 3172 752 3247 Quotiens
772 3172 855 3232 illum
876 3173 928 3232 lux
948 3184 1040 3233 noctu
1060 3174 1173 3251 aliquid
1187 3207 1213 3244 ,ο

109 3257 112 3261 ’
169 3268 334 3328 describere
361 3266 533 3345 ingressum,
563 3268 701 3344 quotiens
728 3288 790 3328 nox
816 3269 962 3346 oppressit
990 3289 1059 3329 cum
1083 3290 1172 3331 mane

168 3364 328 3441 coepisset!
370 3364 469 3439 Quam
484 3364 651 3424 delectabat
667 3384 735 3424 eum
757 3364 941 3425 defectiones
955 3364 1024 3424 solis
1039 3376 1069 3425 et
1082 3367 1171 3426 lunae

118 3462 263 3520 tumulto
290 3471 359 3521 ante
383 3461 469 3521 nobis
494 3460 677 3538 praedicere!
718 3462 801 3539 Quid
822 3462 853 3522 in
877 3462 1034 3523 levioribus
1057 3462 1171 3537 studiis,
