2625 3867
162 216 208 272 rx
223 212 274 295 30]
471 217 539 275 na
565 216 847 276 sarracwra.
1125 237 1163 294 39

160 342 360 422 contemptior
372 363 464 421 quam
475 342 599 405 Milonis
610 342 823 407 Crotoniatae?
851 344 911 421 Qui
925 364 993 405 cum
1005 344 1063 405 iam
1073 365 1165 406 senex

160 449 237 500 esset
251 440 435 517 athletasque
449 460 481 502 se
495 439 657 501 exercentis
671 439 703 500 in
716 440 862 502 curriculo
877 441 998 515 videret,
1013 442 1162 519 aspexisse
1217 488 1220 494 .

160 538 287 598 lacertos
308 555 379 598 suos
399 535 507 597 dicitur
526 535 765 614 illacrimansque
785 536 904 612 dixisse,
922 542 971 598 ‘at
991 538 1022 599 hi
1043 539 1164 616 quidem

160 632 269 695 mortui
282 631 342 695 iam
356 635 445 694 sunt’.
474 635 546 694 Non
559 653 629 694 vero
644 644 705 693 tam
719 632 776 708 isti,
791 653 881 711 quam
895 645 927 695 tu
942 634 1014 712 ipse,
1029 647 1162 712 nugator,

132 759 145 799 ς
159 750 258 808 neque
272 730 353 793 enim
366 751 404 792 ex
417 742 447 791 te
461 750 603 808 umquam
617 750 649 792 es
668 730 849 803 nobilitatis,
864 732 918 793 sed
932 751 968 792 ex
982 733 1121 792 lateribus
1135 743 1164 792 et

160 825 275 888 lacertis
290 826 355 887 tuis.
400 825 483 886 Nihil
497 828 560 887 Sex.
577 825 679 886 Aelius
698 827 766 898 tale,
780 826 854 887 nihil
871 827 972 887 multis
991 827 1076 886 annis
1094 839 1164 888 ante

160 923 207 985 Ti.
221 923 434 997 Coruncanius,
447 923 519 983 nihil
530 924 621 984 modo
633 926 665 983 P.
679 924 810 997 Crassus,
821 944 841 984 a
853 924 963 1002 quibus
975 923 1039 984 iura
1052 925 1165 986 civibus

160 1020 442 1098 praescribebantur,
461 1039 588 1097 quorum
609 1039 706 1096 usque
726 1022 766 1081 ad
784 1032 949 1081 extremum
968 1021 1101 1098 spiritum
1120 1032 1164 1084 est

151 1129 300 1196 ¹provecta
313 1116 477 1196 prudentia
522 1120 629 1179 Orator
639 1127 742 1178 metuo
755 1138 794 1178 ne
808 1120 978 1195 languescat
993 1131 1163 1180 senectute:
1179 1121 1218 1179 28

122 1245 147 1272 ιο
161 1224 205 1274 est
219 1213 300 1273 euim
313 1234 421 1274 munus
435 1212 498 1274 eius
513 1233 575 1275 non
589 1213 689 1290 ingeni
703 1214 808 1288 solum,
824 1215 877 1275 sed
893 1216 1017 1277 laterum
1031 1214 1121 1274 etiam
1135 1226 1165 1276 et

160 1310 273 1370 virium.
317 1310 450 1373 Omnino
473 1330 615 1371 canorum
635 1310 710 1371 illud
728 1310 760 1369 in
780 1330 854 1372 voce
875 1311 1056 1388 splendescit
1077 1312 1164 1373 etiam

161 1406 263 1467 nescio
286 1425 347 1484 quo
368 1417 457 1484 pacto
479 1407 510 1466 in
527 1417 689 1479 senectute,
710 1408 792 1483 quod
816 1407 956 1484 equidem
981 1410 1079 1470 adhuc
1103 1428 1165 1469 non

161 1502 255 1578 amisi,
270 1515 301 1565 et
318 1502 425 1565 videtis
444 1523 547 1564 annos.
590 1505 650 1565 Sed
669 1515 770 1565 tamen
789 1515 834 1564 est
850 1506 976 1566 decorus
990 1506 1053 1566 seni
1067 1526 1164 1567 sermo

162 1600 279 1677 quietus
299 1611 329 1661 et
347 1600 494 1674 remissus,
514 1600 642 1677 facitque
662 1619 804 1677 persaepe
824 1600 889 1678 ipsa
907 1600 963 1661 sibi
983 1602 1164 1663 audientiam

122 1728 146 1767 ις
160 1698 261 1759 diserti
276 1699 354 1759 senis
368 1697 535 1775 composita
549 1709 579 1758 et
592 1697 672 1757 mitis
685 1698 788 1772 oratio,
807 1716 896 1774 quam
916 1698 941 1757 si
958 1698 1023 1776 ipse
1044 1699 1165 1776 exsequi

162 1814 302 1872 nequeas,
316 1793 412 1872 possis
425 1804 526 1853 tamen
543 1792 675 1871 Scipioni
693 1792 862 1871 praecipere
880 1804 910 1853 et
930 1794 1040 1855 Laelio.
1084 1795 1166 1871 Quid

161 1890 242 1951 enim
257 1902 300 1951 est
314 1890 470 1951 iucundius
485 1901 637 1951 senectute
656 1890 763 1967 stipata
776 1889 881 1951 studiis
895 1890 1076 1952 iuventutis?
1116 1895 1165 1951 An
1180 1892 1218 1949 29

162 2010 201 2051 ne
220 1988 285 2049 illas
306 1988 427 2066 quidem
445 1988 513 2049 viris
534 1988 679 2049 senectuti
697 1988 897 2066 relinquimus,
916 2000 950 2049 ut
967 1990 1166 2051 adulescentis

162 2081 447 2163 doceat,'instituat‚
477 2088 517 2147 ad
544 2105 633 2146 omne
662 2086 740 2146 offici
766 2105 874 2146 munus
901 2086 1045 2147 instruat?
1097 2090 1166 2163 Quo

121 2218 147 2245 ω
160 2184 283 2262 quidem
303 2202 392 2260 opere
412 2181 484 2259 quid
501 2192 600 2259 potest
619 2200 684 2243 esse
705 2181 907 2259 praeclarius?
949 2182 1025 2241 Mihi
1045 2203 1116 2243 vero
1136 2195 1166 2243 et
1209 2170 1214 2176 ¹

163 2285 218 2345 Cn.
231 2294 262 2343 et
276 2285 308 2342 P.
325 2281 478 2359 Scipiones
497 2291 527 2341 et
545 2280 592 2341 avi
609 2280 652 2342 tui
671 2282 731 2345 duo
747 2283 780 2339 L
797 2280 940 2341 Aemilius
959 2292 989 2341 et
1008 2284 1041 2340 P.
1056 2281 1167 2341 Africa-

161 2400 217 2441 nus
239 2378 382 2440 comitatu
410 2378 555 2439 nobilium
582 2376 723 2438 iuvenum
747 2376 887 2438 fortunati
906 2376 1090 2461 videbantur,
1111 2398 1167 2437 nec

161 2477 213 2537 ulli
240 2477 385 2536 bonarum
410 2475 516 2536 artium
538 2474 668 2551 magistri
691 2493 754 2534 nou
775 2474 854 2535 beati
876 2474 1008 2553 putandi,
1034 2475 1167 2550 quamvis

162 2572 371 2637 consenuerint
385 2572 461 2633 vires
475 2583 565 2650 atque
584 2569 753 2631 defecerint
797 2570 862 2631 Etsi
880 2571 945 2648 ipsa
962 2570 1019 2631 ista
1037 2570 1166 2631 defectio

121 2706 146 2744 2⁵
159 2674 267 2734 virium
280 2671 501 2733 adulescentiae
515 2670 593 2731 vitiis
608 2670 734 2731 efficitur
755 2671 871 2747 saepius
890 2690 982 2747 quam
996 2680 1167 2743 senectute3

161 2769 319 2830 libidinosa
332 2766 413 2829 euim
431 2777 462 2828 et
480 2765 681 2843 intemperans
699 2766 901 2826 adulescentia
918 2768 1039 2826 effetum
1060 2785 1167 2844 corpus

162 2865 251 2926 tradit
264 2862 417 2926 senectuti.
461 2864 555 2939 Cyrus
570 2861 693 2939 quidem
705 2863 788 2940 apud
804 2864 1037 2940 Xenophontem
1056 2881 1094 2923 eo
1110 2882 1167 2922 ser·
1181 2864 1220 2922 ³0

162 2980 260 3036 mone,
283 2979 374 3038 quem
397 2957 527 3019 moriens
548 2958 660 3033 habuit,
686 2978 755 3019 cum
778 2961 941 3021 admodum
964 2979 1055 3020 senex
1079 2971 1165 3035 esset,

161 3069 250 3136 negat
269 3075 302 3117 se
318 3075 461 3132 umquam
481 3054 607 3117 sensisse
630 3066 815 3116 senectutem
837 3076 921 3117 suam
943 3055 1167 3117 imbecilliorem

121 3190 147 3229 30
160 3158 267 3217 saetam
281 3173 371 3231 quam
385 3152 588 3213 adulescentia
601 3152 712 3213 fuisset
744 3156 809 3231 Ego
823 3156 856 3214 L
874 3156 1031 3214 Metellum
1045 3155 1167 3215 memini

162 3273 244 3330 puer,
257 3250 315 3327 qui,
328 3269 397 3309 curu
409 3248 604 3326 quadriennio
614 3260 682 3326 post
695 3251 821 3310 alterum
832 3253 1019 3311 consulatum
1033 3251 1168 3328 pontifex

162 3350 308 3411 maximus
328 3350 424 3408 factus
446 3357 531 3421 esset,
556 3346 661 3425 viginti
682 3360 713 3409 et
736 3350 812 3409 duos
834 3367 929 3409 annos
952 3349 979 3409 ei
1001 3350 1168 3411 sacerdotio

161 3451 295 3531 praefuit,
314 3449 355 3511 ita
373 3448 459 3511 bonis
479 3468 544 3511 esse
562 3447 673 3509 viribus
693 3461 826 3511 extremo
847 3461 982 3527 tempore
1001 3449 1113 3526 aetatis,
1134 3461 1167 3511 ut
