2625 3867
155 193 211 264 178

152 329 202 369 tem
214 327 239 369 et
250 319 416 368 inhumanitas
427 321 496 369 omni
507 322 582 369 aetati
593 337 646 370 mo·

153 385 215 433 lesia
232 385 353 434 est...Sed
364 385 467 434 sortasse
477 385 567 434 dixerit
582 386 648 450 quis·

152 450 221 514 piam
233 449 280 497 tibi
296 457 398 512 propter
414 465 474 513 opes
490 457 517 498 et
533 450 648 513 copias...

153 512 345 563 tolerabiliorem
355 521 507 564 senectutem
517 515 605 564 videri.

202 707 248 756 Est
258 706 322 757 istuc
332 706 441 772 quidem,
453 707 532 768 Laeli,
546 707 649 773 aliquid,

154 772 199 822 sed
209 788 365 837 nequaquam
376 773 403 821 in
414 772 463 821 isto
478 781 535 822 sunt
553 774 649 829 omnia;

153 845 182 886 ut
192 837 375 886 themistocles
385 837 462 886 fertur
473 837 589 901 Seriphio
600 839 651 888 eui·

155 903 213 950 dam
224 902 251 950 in
267 901 347 965 iurgio
363 901 527 965 respondisse,
541 918 597 950 cum
608 903 651 952 ille

155 966 258 1016 dixisset
278 981 329 1014 nou
351 981 408 1014 eum
429 981 474 1015 sua
495 967 539 1015 sed
558 967 652 1030 patriae

155 1031 235 1094 gloria
249 1030 406 1115 splendorem
424 1039 577 1080 assecutum:
594 1036 652 1080 ‘nec

155 1095 255 1144 hercule
287 1095 375 1159 inquit,
399 1095 433 1143 ‘si
455 1110 502 1158 ego
524 1095 653 1158 Seriphius

156 1175 243 1216 essem,
254 1175 301 1209 nec
312 1168 348 1216 tu,
359 1157 380 1208 si
391 1159 560 1216 Atheniensis,
571 1159 653 1209 clarus

156 1240 273 1289 umquam
281 1221 387 1273 fuisses’.
398 1223 472 1285 Quod
481 1225 569 1272 eodem
576 1225 652 1272 modo

157 1290 189 1338 de
204 1295 329 1338 senectute
345 1287 395 1336 dici
412 1295 506 1352 potest;
525 1303 572 1337 nec
585 1288 652 1337 enim

156 1353 183 1402 in
194 1369 290 1402 summa
301 1353 386 1416 inopia
397 1351 458 1401 levis
473 1368 525 1401 esse
539 1360 653 1401 senectus

157 1424 246 1481 potest,
260 1433 292 1466 ne
308 1417 414 1480 sapienti
430 1416 540 1481 quidem,
554 1433 600 1465 nec
615 1417 653 1465 in·

158 1482 259 1546 sipienti
270 1481 344 1530 etiam
357 1481 382 1530 in
400 1497 498 1531 summa
514 1481 587 1545 copia
602 1497 652 1530 nou

158 1546 246 1609 gravis

370 1626 435 1686 §460

209 1708 300 1756 Habeo
323 1709 443 1757 senectuti
464 1723 580 1772 magnam
600 1724 654 1772 gra·

159 1774 226 1833 tiam,
238 1788 301 1836 quae
313 1773 374 1822 mihi
383 1774 502 1823 sermonis
510 1774 652 1824 aviditatem

159 1839 233 1898 auxit,
248 1838 357 1902 potionis
370 1845 395 1887 et
406 1838 455 1887 cibi
466 1839 571 1887 sustulit.

208 2099 275 2148 Bene
287 2098 431 2162 Sophocles,
446 2114 502 2147 cum
518 2113 548 2146 ex
559 2112 590 2146 eo
601 2097 655 2160 qui·

160 2164 219 2211 dam
231 2171 395 2227 quaereret
420 2170 560 2211 utereturne
583 2163 655 2209 rebus

153 2228 272 2288 ueneriis,
291 2229 330 2276 ‘di
348 2225 462 2276 meliora'
481 2227 576 2289 inquit;
596 2228 655 2288 ‘ego

160 2307 218 2341 vero
237 2293 310 2341 istinc
333 2291 395 2340 sicut
412 2307 428 2340 a
446 2291 549 2340 domino
565 2289 656 2354 agresti

160 2373 189 2406 ac
199 2356 290 2406 surioso
301 2355 399 2422 profugi
404 2356 418 2406 ¹.

377 2587 390 2645 ί
402 2588 441 2650 7⁸·

211 2681 297 2714 ...cum
308 2664 413 2728 simplex
430 2665 506 2712 animi
520 2671 608 2713 natura
618 2679 654 2713 es·

160 2738 197 2778 set
214 2746 294 2794 neque
311 2730 414 2779 haberet
434 2729 461 2777 in
477 2745 504 2778 se
523 2730 654 2794 quicquam

161 2795 298 2843 admixtum
305 2796 390 2858 dispar
400 2793 438 2842 sui
446 2799 521 2858 atque
527 2793 655 2848 dissimile,

161 2874 212 2908 non
223 2874 296 2922 posse
310 2875 367 2908 eum
385 2858 470 2916 dividi,
485 2859 552 2922 quod
566 2858 587 2907 si
605 2873 655 2906 non

163 2930 254 2988 posset,
267 2939 318 2972 non
329 2939 402 2988 posse
412 2923 520 2972 interire.

376 3343 389 3400 i
403 3343 441 3403 7⁸·

211 3419 307 3481 Magno
317 3435 371 3468 esse
383 3424 529 3482 argumento
545 3417 659 3466 homines

162 3481 224 3530 seire
235 3483 352 3546 pleraque
367 3491 425 3532 ante
441 3497 516 3547 quam
534 3482 586 3530 nati
600 3483 657 3542 sint,

522 194 764 252 APPENDIX
786 193 825 253 B.

701 323 741 370 καί
761 325 846 384 γῆρας,
868 319 887 369 ὦ
904 321 1037 382 Σώκρατες,
1058 323 1096 370 καί
1118 322 1202 380 νεότης

700 389 802 448 χαλεπὴ
817 386 853 447 τῷ
873 389 974 447 τοιούτῳ
991 388 1124 449 συμβαίνει.
1159 389 1201 435 καί

700 452 948 512 ἐγὼ...εῖπον...οίμαι
957 453 1010 500 rods
1022 452 1200 508 πολλοδς,όταν

699 517 778 563 ταῦτα
789 516 1006 577 λθγης...ἡγεΐσθαί
1025 534 1053 564 σε
1070 517 1154 578 ῥᾳδίως
1171 517 1201 564 τό

700 581 777 641 γῆρας
793 579 945 642 φέρειν...διά
957 581 986 629 τό
1004 582 1098 639 πολλὴν
1116 580 1201 628 οὐσίαν

702 646 840 705 κεκτῆσθαι.

751 711 790 760 καί
807 711 907 771 λόγουοι
923 709 966 768 μέν
983 727 1014 766 τι,
1027 711 1054 757 οὐ
1069 709 1152 769 μέντοι
1167 725 1200 770 γε

702 774 760 823 όσον
780 776 879 832 οίονται,
895 774 960 822 ἀλλὰ
976 775 1005 822 τό
1022 775 1065 822 τοῦ
1083 775 1200 832 θεμιστο·

703 840 786 889 κλέους
797 840 823 887 εδ
839 840 899 900 ἔχει,
913 839 937 888 ός
953 835 988 898 τῷ
1004 839 1107 900 Σεριφίῳ
1123 840 1200 886 λοιδο·

703 904 810 964 ρουμένῳ
820 905 859 952 καί
870 903 976 963 λέγοντι,
991 903 1028 950 ότι
1039 904 1066 950 od
1077 899 1116 950 διὰ
1128 903 1201 950 αὐτόν

704 966 769 1016 ἀλλὰ
782 965 821 1016 διιί
831 969 875 1026 τὴν
886 969 957 1016 πόλιν
968 968 1091 1025 εὐδοκιμοῖ,
1102 968 1199 1026 ἀπεκρί-

704 1049 762 1080 νατο
782 1035 820 1080 ότι
839 1029 885 1080 οὐτ’
903 1030 934 1080 <tv
954 1033 1023 1080 αίτδς
1041 1032 1151 1092 Σερίφιος
1168 1029 1202 1078 ὢν

705 1098 835 1151 ὀνομαστός
847 1097 950 1157 ἐγένετο,
965 1095 1014 1145 odr'
1026 1097 1114 1144 ἐκεῖνος
1126 1095 1199 1153 Ἀθη·

704 1162 775 1209 ναῖος.
822 1162 861 1208 καί
883 1161 932 1208 τοῖς
955 1161 984 1219 δὴ
1006 1161 1041 1218 μὴ
1067 1161 1198 1219 πλουσίοις,

704 1226 819 1286 χαλεπῶς
842 1226 867 1272 δὲ
889 1226 917 1273 τό
936 1226 1012 1286 γῆρας
1035 1225 1154 1285 φέρουσιν,
1175 1225 1203 1271 εὖ

705 1291 758 1349 ἔχει
781 1289 794 1337 ό
815 1290 885 1338 αὐτός
906 1289 984 1351 λόγος,
1002 1291 1039 1336 ότι
1062 1287 1110 1337 οὔτ’
1131 1287 1161 1336 dr
1189 1288 1203 1336 ό

707 1351 811 1412 ἐπιεικὴς
828 1355 891 1401 πάνυ
906 1371 931 1402 τι
945 1354 1030 1416 ῥᾳδίως
1046 1356 1123 1414 γῆρας
1138 1351 1201 1411 μετά

706 1419 787 1466 πενίας
809 1419 909 1480 ἐνέγκοι,
933 1419 976 1466 ouo
1004 1418 1016 1466 ό
1037 1418 1071 1476 μὴ
1097 1417 1202 1475 ἐπιεικής

707 1483 845 1542 πλουτήσας
873 1483 967 1532 εὔκολός
990 1480 1043 1530 ποτ’
1061 1480 1091 1530 du
1119 1479 1203 1543 ἑαυτῷ
1292 1515 1293 1526 ,

705 1548 809 1608 γένοιτο.

817 1628 897 1687 Plato,
911 1629 970 1691 Καρ.
984 1631 1030 1691 3²8
1042 1639 1070 1680 n.

756 1703 782 1754 εὖ
795 1705 846 1755 ἴσθ’
865 1705 901 1754 ὅτι
918 1708 1007 1768 ἔμοιγε,
1022 1705 1079 1754 ὅσον
1098 1708 1122 1755 ul
1141 1709 1204 1756 κατὰ

707 1771 735 1818 τό
747 1768 817 1829 σῶμα
828 1772 911 1830 ἡδοναί
920 1770 1133 1833 ἀπομαραίνονται,
1145 1790 1201 1821 τοσ·

708 1831 776 1883 οὓτον
793 1837 902 1896 αὔξονται
922 1839 947 1884 αί
969 1839 1023 1899 περί
1042 1838 1096 1886 τοὺς
1115 1839 1204 1897 λόγους

709 1897 830 1957 ἐπιθυμίαι
842 1918 869 1958 τε
880 1903 919 1949 καί
931 1899 1020 1960 η’δοναί.

826 2013 905 2073 Plato,
918 2015 978 2078 Rep.
991 2028 1038 2078 γορ
1048 2027 1072 2062 ς.

758 2095 799 2142 καί
821 2093 850 2154 δὴ
878 2097 917 2144 καί
940 2097 1064 2157 Σοφοκλεῖ
1082 2096 1144 2144 ποτὲ
1170 2093 1206 2156 rui

708 2157 798 2220 ποιητῇ
813 2161 978 2221 παρεγενόμην
999 2162 1141 2223 ἐρωτωμένῳ
1160 2161 1205 2208 ὑπό

708 2241 777 2284 τινος,
797 2226 942 2285 πῶς...ἔχεις
965 2227 1022 2287 πρός
1043 2226 1205 2287 τάφροδίσια;

711 2289 847 2348 ...εὐφήμει
860 2290 915 2350 ἔφη,
930 2287 1079 2351 ὤοίνθριοπε·
1091 2291 1205 2348 άσμεναί-

707 2370 771 2400 τατα
786 2354 867 2412 μέντοι
890 2356 948 2403 αὐτό
967 2353 1101 2415 ἀπέφυγον,
1123 2352 1205 2415 ὥσπερ

707 2418 832 2465 λυττῶντά
848 2435 903 2467 τινα
925 2421 963 2467 καί
984 2417 1067 2481 άγριον
1086 2419 1207 2477 δεσπότην

707 2481 845 2543 ἀποφυγών.
933 2539 936 2544 .

805 2580 885 2639 Plato,
900 2580 998 2630 Phaedo
1010 2580 1113 2643 78-80.

757 2657 791 2719 τῷ
801 2657 844 2717 μὲν
855 2661 987 2718 ξυντεθέντι
1001 2677 1029 2706 τε
1045 2659 1085 2707 καί
1102 2660 1206 2721 ξυνθέτῳ

709 2725 758 2772 όντι
776 2726 847 2784 φύσει
865 2722 981 2785 προσήκει
1000 2724 1072 2772 τοῦτο
1090 2723 1203 2784 πάσχειν,

709 2788 853 2849 διαιρεθῆναι
880 2790 965 2849 ταύτῃ,
991 2785 1054 2850 ᾗπερ
1084 2790 1204 2847 ξυνετέθη.

709 2855 730 2901 εί
741 2855 767 2901 δέ
777 2871 801 2901 τι
815 2851 931 2914 τυγχάνει
942 2854 970 2901 ὂν
985 2854 1117 2914 ἀξόνθετον,
1129 2855 1206 2914 τοθτῳ

708 2919 774 2979 μόνῳ
785 2917 900 2980 προσήκει
917 2915 951 2976 μὴ
971 2915 1077 2978 πάσχειν
1093 2916 1203 2968 ταῦτα...

708 2983 831 3045 ξυμβαίνει
842 2984 877 3042 τῷ
893 2980 937 3042 μὲν
956 2979 1066 3042 ἀθανάτῳ
1083 2983 1123 3030 καί
1140 2979 1204 3030 ἀδια-

709 3049 774 3108 ltro
790 3049 830 3095 καί
849 3048 886 3095 tet
909 3046 1020 3096 ὠσαότως
1043 3045 1106 3095 κατά
1128 3044 1206 3096 ταύτὰ

709 3114 792 3172 ἔχοντι
803 3109 881 3172 {nurui
889 3108 1030 3169 ὁμοιότατον
1037 3112 1096 3159 εἶναι
1107 3110 1204 3172 ψυχὴ...

710 3174 825 3237 προσήκει
838 3174 906 3240 ψυχῇ
916 3177 946 3224 τό
957 3174 1073 3238 παράπαν
1085 3173 1206 3236 άδιαλάτῳ

710 3242 780 3289 εἶναι.

775 3338 855 3398 Plato,
869 3337 967 3387 Phaedo
979 3349 1133 3401 you-731³.

759 3413 775 3473 ἡ
785 3417 888 3475 μάθησις
899 3419 942 3466 οὐκ
952 3415 1014 3466 ἄλλο
1022 3415 1069 3476 τιῆ
1077 3414 1206 3477 ἀνάμνησις

711 3480 828 3538 τυγχάνει
839 3482 907 3542 οῦσα,
921 3482 960 3530 καί
972 3482 1067 3544 ἀνάγκη
1082 3499 1130 3531 που
1147 3483 1206 3542 ἡμᾶς
1292 3523 1293 3528 ,
