2625 3867
161 160 260 245 1117]
472 165 540 223 DE
567 163 850 225 SENECTUTE.
1126 182 1161 240 31

156 313 239 353 mum
264 314 375 356 annum
400 306 529 372 agerent,
555 313 645 371 quam
672 294 698 354 si
725 292 964 371 octogesimum?
1005 294 1166 355 Praeterita

157 392 237 454 enim
251 403 332 454 aetas
343 392 478 470 quamvis
492 394 590 469 longa,
601 411 671 452 cum
681 390 850 465 effluxisset,
862 392 944 451 nulla
957 389 1162 453 consolatione

156 491 339 566 permulcere
352 499 454 566 posset
467 489 588 548 stultam
606 498 799 548 senectutem.
843 485 992 563 Quocirca
1009 486 1034 546 si
1053 487 1198 565 sapien-5

157 585 229 646 tiam
239 606 339 647 meam
349 584 487 647 admirari
497 583 608 658 soletis,
621 605 699 661 quae
709 584 824 644 utinam
834 584 927 662 digna
936 596 1014 645 esset
1024 585 1167 662 opinione

131 692 255 751 svestra
272 692 437 759 nostroque
455 681 644 757 cognomine,
659 680 692 741 in
712 683 771 741 hoc
791 700 892 741 sumus
911 679 1069 768 ¹sapientes,
1084 683 1167 757 quod

158 789 294 839 naturam
318 779 462 855 optimam
485 781 592 840 ducem
616 790 769 855 tamquam
791 780 882 839 deum
904 778 1055 855 sequimur
1078 778 1166 855 eique

158 894 314 952 paremus:
342 896 361 935 a
384 896 444 953 qua
466 895 529 936 non
553 876 615 936 veri
639 876 734 936 simile
759 886 812 951 est,
837 895 906 935 cum
928 886 1044 936 ceterae
1067 886 1166 953 partes

158 969 264 1031 aetatis
284 972 362 1033 bene
383 971 549 1049 descriptae
570 972 637 1046 sint,
657 984 821 1033 extremum
837 981 937 1032 actum
955 983 1107 1049 tamquam
1126 974 1166 1033 ab

157 1066 244 1127 inerti
264 1080 354 1145 poeta
374 1088 440 1129 esse
460 1071 638 1147 neglectum.
682 1070 742 1129 Sed
763 1080 864 1129 tamen
884 1088 1008 1129 necesse
1028 1068 1083 1128 suit
1100 1088 1166 1129 esse

118 1192 145 1221 ιο
157 1162 271 1239 aliquid
285 1174 449 1223 extremum
471 1173 509 1237 et,
525 1174 679 1240 tamquam
699 1164 731 1223 in
751 1164 890 1223 arborum
910 1162 993 1223 bacis
1012 1174 1166 1239 terraeque

158 1259 310 1333 fructibus,
332 1260 500 1320 maturitate
520 1259 697 1336 tempestiva
718 1259 801 1337 quasi
822 1258 933 1320 vietum
956 1270 986 1319 et
1009 1259 1163 1331 caducum,

159 1358 243 1434 quod
256 1358 412 1418 ferundum
430 1369 475 1419 est
494 1358 622 1419 molliter
641 1357 775 1435 sapienti.
818 1357 901 1432 Quid
921 1368 967 1417 est
986 1357 1066 1416 enim
1084 1356 1166 1417 aliud

159 1450 321 1529 Gigantum
335 1455 427 1513 modo
441 1454 550 1513 bellare
562 1472 631 1513 cum
646 1454 693 1513 dis
706 1453 763 1513 nisi
777 1464 898 1513 naturae
914 1455 1100 1531 repugnare?

221 1552 368 1611 Launrus.
410 1550 511 1627 Atqui,
528 1553 614 1625 Cat0,
628 1551 827 1629 gratissimum
845 1551 941 1625 nobis,
956 1561 990 1612 ut
1003 1550 1092 1611 etiam
1111 1571 1165 1629 pro
1180 1552 1197 1609 6

119 1675 145 1715 15
158 1644 297 1723 Scipione
318 1646 466 1723 pollicear,
488 1648 599 1723 seceris,
623 1648 656 1721 si,
679 1647 822 1725 quoniam
846 1667 1006 1725 speramus,
1028 1650 1165 1709 volumus

156 1742 281 1818 quidem
296 1754 384 1817 certe,
400 1730 485 1804 se'nes
500 1744 570 1817 fieri,
586 1746 681 1803 multo
694 1755 765 1803 ante
778 1764 797 1803 a
810 1755 840 1804 te
851 1744 1041 1804 didicerimus
1056 1744 1163 1821 quibus

159 1836 298 1897 facillime
311 1837 474 1899 rationibus
488 1840 740 1916 ingravescentem
754 1851 881 1917 aetatem
895 1843 970 1901 ferre
982 1840 1137 1917 possimus

221 1934 317 1995 Caro,
347 1934 467 1995 Faciam
481 1955 560 2011 vero,
573 1938 666 2011 Laeli,
675 1936 846 2015 praesertim
860 1937 886 1997 si
898 1936 1016 2014 utrique
1026 1948 1164 2009 vestrum,

160 2039 193 2089 ut
207 2028 290 2103 dicis,
305 2041 420 2107 gratum
433 2032 564 2091 futurum
579 2044 631 2093 est.

121 2156 146 2183 ω
220 2128 367 2187 Lasrrus.
409 2130 556 2188 Volumus
571 2148 651 2203 sane,
668 2129 725 2189 nisi
743 2132 902 2191 molestum
916 2141 970 2204 est,
988 2132 1074 2203 Cat0,
1093 2140 1165 2189 tam·

161 2239 251 2297 quam
266 2222 384 2298 longam
403 2223 533 2300 aliquam
551 2226 631 2284 viam
650 2226 824 2301 confeceris,
838 2246 929 2302 quarn
943 2224 1030 2286 nobis
1044 2244 1164 2303 quoque

161 2315 389 2393 ingrediundum
404 2317 450 2392 sit,
465 2318 550 2393 istuc,
567 2339 628 2395 quo
642 2320 809 2398 pervenisti,
825 2321 925 2381 videre
940 2322 1026 2397 quale
1041 2321 1086 2380 sit

222 2415 283 2471 111.
319 2415 414 2473 Caro.
458 2416 578 2475 Faciam
600 2428 633 2477 ut
652 2429 766 2495 potero,
784 2417 877 2477 Laeli.
918 2419 1013 2493 Saepe
1030 2416 1110 2476 enim
1123 2415 1197 2475 inl

162 2511 247 2571 terfui
261 2512 399 2587 querellis
417 2512 584 2590 aequalium
603 2533 747 2588 meorum,
762 2535 847 2592 pares
868 2524 967 2574 autem
981 2524 1080 2574 vetere
1100 2532 1165 2590 pro

122 2638 146 2676 25
159 2608 260 2669 verbio
274 2628 343 2668 cum
358 2609 477 2685 paribus
487 2610 627 2671 facillime
638 2622 861 2688 congregantur,
873 2630 949 2687 quae
961 2612 996 2671 C.
1009 2609 1163 2683 Salinator,

162 2724 238 2782 quae
257 2706 306 2782 Sp.
327 2704 463 2779 Albinus,
478 2706 614 2767 homines
633 2708 812 2781 consulares,
827 2707 919 2766 nostri
937 2708 998 2767 fere
1015 2708 1163 2783 aequales,

162 2802 315 2877 deplorare
338 2803 482 2876 solebant,
505 2814 569 2863 tum
598 2806 681 2882 quod
707 2804 908 2881 voluptatibus
935 2814 1075 2876 carerent,
1101 2802 1165 2863 sine

162 2897 269 2975 quibus
282 2900 373 2961 vitam
388 2903 498 2961 nullam
509 2913 655 2979 putarent,
667 2914 731 2963 tum
743 2904 825 2980 quod
840 2913 1046 2981 spernerentur
1058 2903 1097 2962 ab
1111 2902 1163 2976 eis,

161 2994 302 3071 aquibus
321 3008 419 3057 essent
437 2998 496 3058 coli
515 2998 594 3059 soliti
603 3021 613 3072 ;
633 2999 685 3075 qui
704 2999 774 3058 mihi
795 3018 857 3059 non
876 2998 908 3059 id
926 2998 1103 3059 videbantur
1119 3018 1165 3057 ac·

122 3119 148 3161 30
160 3110 271 3166 cusare,
287 3093 370 3169 quod
384 3106 461 3153 esset
474 3096 683 3155 accusandum.
720 3098 801 3154 Nam
815 3094 840 3153 si
853 3094 885 3155 id
899 3096 987 3171 culpa
1005 3094 1164 3154 senectutis

161 3188 317 3260 accideret,
342 3192 447 3251 eadem
475 3190 548 3250 mihi
574 3211 630 3253 usu
657 3190 792 3253 venirent
818 3190 997 3267 reliquisque
1024 3190 1164 3251 omnibus

161 3284 320 3346 maioribus
339 3298 420 3359 natu,
435 3306 560 3364 quorum
580 3308 637 3365 ego
655 3291 815 3349 multorum
834 3288 961 3364 cognovi
980 3298 1163 3347 senectutem

161 3384 225 3445 sine
242 3387 379 3461 querella,
395 3385 447 3462 qui
463 3406 495 3446 se
514 3397 544 3445 et
564 3386 722 3447 libidinum
740 3386 864 3447 vinculis
883 3388 996 3446 laxatos
1016 3404 1081 3445 esse
1101 3405 1163 3446 non
