2625 3867
143 203 253 259 XVIII
269 198 320 280 63]
462 202 530 259 DE
558 200 836 260 SENECTUTE.
1115 218 1148 275 5¹

142 330 275 408 gemmis,
291 328 401 391 dixisse
417 333 512 389 ‘recte
526 348 597 389 vero
607 339 645 399 te,
659 330 745 404 Cyre,
760 329 880 387 beatum
894 329 997 402 semnt,
1010 328 1151 404 quoniam

135 427 241 487 ‘virtuti
260 438 328 488 tuae
345 428 463 487 fortuna
476 424 635 485 coniuncta
656 428 715 484 est!
720 426 727 452 '
769 426 838 483 Hac
857 423 944 500 igitur
961 425 1078 484 fortuna
1095 424 1204 484 fruito

144 523 212 583 licet
226 522 354 596 senibus,
370 541 426 581 nec
437 533 518 581 aetas
529 521 653 597 impedit
662 539 723 596 quo
734 519 832 579 minus
841 532 870 579 et
879 530 1042 593 ceterarum
1053 539 1150 579 rerum

143 632 174 681 et
187 621 219 680 in
232 620 334 697 primis
348 620 408 697 agri
422 617 541 680 colendi
556 618 654 678 studia
667 630 822 678 teneamus
843 636 937 694 usque
955 618 995 677 ad
1013 617 1150 676 ultimum

145 729 262 794 tempus
276 716 444 777 senectutis
489 718 531 775 M.
549 716 672 793 quidem
686 714 837 775 Valerium
857 714 1018 776 Corvinum
1038 714 1152 792 accepi·

70 750 211 873 fmus
225 815 265 873 ad
286 812 481 873 centesimum
503 832 615 872 annum
637 812 816 889 perduxisse,
831 831 901 872 cum
920 823 997 872 esset
1011 823 1078 871 acta
1091 812 1150 871 iam

144 919 242 969 aetate
262 908 293 967 in
307 909 382 985 agris
398 928 510 984 eosque
525 910 643 982 coleret,
661 907 745 967 cuius
759 908 835 967 inter
848 908 977 984 primum
992 918 1021 966 et
1035 918 1150 967 sextum

145 1009 332 1067 consulatum
348 1026 398 1067 sex
413 1018 442 1067 et
457 1006 650 1083 quadraginta
665 1005 735 1064 anni
750 1004 952 1065 interfuerunt.
997 1007 1045 1064 Ita
1059 1025 1150 1081 quan-

145 1113 208 1160 tum
219 1101 347 1178 spatium
357 1088 466 1161 'aetatis
482 1103 609 1160 maiores
623 1101 664 1160 ad
685 1099 845 1160 senectutis
860 1099 977 1159 initium
992 1119 1057 1159 esse
1070 1102 1151 1159 volu-

107 1232 130 1259 ιο
143 1211 237 1272 erunt,
250 1211 349 1260 tantus
370 1199 412 1258 illi
432 1219 534 1258 cursus
555 1199 703 1258 honorum
716 1197 788 1274 suit,
810 1209 900 1275 atque
920 1198 1007 1257 huius
1021 1208 1151 1257 extrema

144 1308 224 1357 aetas
252 1298 310 1355 hoc
331 1296 559 1375 beatior'quarp
579 1296 687 1368 media,
713 1296 797 1371 quod
821 1294 1001 1355 auctoritatis
1023 1294 1151 1354 habebat

145 1395 219 1469 plus,
243 1394 352 1454 laboris
375 1393 472 1453 minus
478 1415 486 1467 ;
518 1413 592 1470 apex
614 1404 659 1453 est
680 1404 780 1452 autem
802 1392 962 1453 senectutis
982 1393 1148 1455 auctoritas.

146 1491 266 1564 Quanta
280 1489 335 1548 tuit
348 1488 379 1548 in
393 1492 426 1547 L.
443 1488 575 1549 Caecilio
591 1490 723 1563 Metello,
740 1500 851 1565 quanta
865 1488 895 1547 in
911 1491 945 1547 A.
961 1488 1054 1548 Atilio
1068 1490 1151 1550 Cala·
1165 1490 1202 1547 61

145 1585 222 1645 tino!
264 1587 301 1643 In
316 1604 406 1661 quem
420 1584 493 1644 illud
504 1585 647 1661 elogium:

108 1752 128 1789 15
304 1724 380 1779 hunc
400 1742 488 1779 unum
503 1724 653 1798 plurimae
671 1726 845 1782 consortium
859 1732 950 1799 gentes

298 1819 402 1893 populi
413 1820 593 1893 prz'tnariam
605 1819 703 1893 satist
721 1821 825 1879 airum.

147 1962 259 2019 Notum
280 1972 324 2021 est
343 1972 438 2021 totum
460 1982 578 2023 carmen
595 1962 722 2022 incisum
739 1963 770 2022 in
792 1964 934 2039 sepulcro.
979 1966 1047 2024 Iure
1064 1963 1152 2041 igitur

85 2085 88 2089 ·
145 2061 246 2137 gravis,
270 2061 353 2121 cuius
378 2062 417 2121 de
439 2062 576 2121 laudibus
598 2062 734 2120 omnium
755 2072 832 2121 esset
852 2063 931 2120 fama
951 2062 1148 2121 consentiens.

147 2161 246 2233 Quem
259 2158 354 2219 virum
369 2179 463 2235 nuper
478 2162 509 2217 P.
527 2161 666 2220 Crassum
685 2158 858 2235 pontificem
873 2158 1043 2232 maximum,
1059 2178 1150 2233 quem

105 2285 130 2312 ω
143 2267 248 2329 postea
269 2257 312 2314 M.
336 2255 484 2332 Lepidum
505 2257 612 2315 eodem
634 2254 801 2315 sacerdotio
821 2254 987 2332 praeditum
1008 2254 1149 2314 vidimus!
1181 2324 1187 2333 Ι

146 2351 227 2425 Quid
248 2352 286 2412 de
308 2354 401 2412 Paulo
422 2363 473 2412 aut
494 2352 634 2412 Africano
655 2354 766 2428 loquar,
790 2364 849 2427 aut,
879 2364 912 2412 ut
933 2353 991 2411 iam
1012 2362 1089 2426 ante,
1111 2354 1150 2412 de

147 2446 300 2507 Maximo?
341 2449 475 2524 Quomm
499 2467 560 2508 non
587 2448 619 2507 in
640 2449 787 2508 sententia
806 2452 911 2522 solum,
934 2450 988 2509 sed
1009 2448 1098 2509 etiam
1119 2448 1150 2507 in

145 2553 220 2603 nutu
240 2544 387 2606 residebat
408 2545 574 2606 auctoritas.
618 2546 721 2605 Habet
741 2556 886 2617 senectus,
908 2547 1052 2605 honorata
1069 2566 1151 2621 prae

145 2641 253 2715 sertim,
276 2653 388 2702 tantam
416 2642 628 2717 auctoritatem,
652 2655 685 2703 ut
709 2662 745 2703 ea
766 2643 857 2720 pluris
878 2643 915 2703 sit
935 2663 1025 2720 quam
1046 2664 1150 2705 omnes

105 2770 129 2810 25
144 2741 362 2801 adulescentiae
389 2743 563 2818 voluptates.
605 2744 725 2800 XVIII.
762 2742 821 2801 Sed
848 2741 879 2800 in
907 2742 990 2801 omni
1017 2742 1202 2803 orationem

144 2851 326 2903 mementote
348 2859 413 2900 eam
435 2859 483 2899 me
505 2851 688 2900 senectutem
708 2841 837 2910 laudare,
853 2859 930 2915 quae
950 2839 1152 2899 fundamentis

145 2936 362 2999 adulescentiae
381 2936 541 2997 constituta
555 2936 600 2996 sit.
645 2939 691 2996 Ex
711 2956 773 3013 quo
793 2937 917 2997 efficitur
933 2937 972 3010 id,
993 2938 1076 3014 quod
1094 2957 1151 3014 ego

145 3055 252 3112 magno
274 3035 426 3110 quondam
447 3054 514 3093 cum
540 3052 662 3093 assensu
684 3034 818 3093 omnium
840 3033 908 3107 dixi,
927 3034 1064 3094 miseram
1085 3053 1150 3094 esse

144 3144 327 3193 senectutem
341 3150 418 3207 quae
432 3151 464 3191 se
478 3130 612 3191 oratione
623 3132 802 3192 defenderet
840 3134 911 3192 Non
920 3131 986 3191 cani
996 3152 1053 3193 nec
1061 3152 1151 3210 mgae

103 3260 129 3298 ³0
142 3239 263 3305 repente
277 3228 482 3289 auctoritatem
493 3229 620 3305 arripere
634 3240 767 3305 possunt,
784 3230 837 3289 sed
844 3230 974 3301 ,honeste
988 3242 1055 3291 acta
1066 3250 1150 3308 supe-

143 3325 201 3384 rior
225 3336 306 3384 aetas
327 3326 437 3385 fructus
458 3324 538 3402 capit
559 3324 741 3385 auctoritatis
763 3335 918 3387 extremos.
963 3329 1050 3388 Haec
1070 3327 1149 3388 enim
1164 3328 1202 3387 63

142 3422 207 3498 ipsa
222 3432 291 3480 sunt
305 3420 498 3495 honorabilia,
514 3441 591 3497 quae
610 3421 750 3482 videntur
767 3422 843 3483 levia
859 3434 950 3500 atque
968 3424 1148 3501 communia,
