2625 3867
142 208 181 262 40
496 187 550 245 CA
555 187 621 245 To<
637 187 790 245 MAIOR
1029 182 1090 264 [IX
1104 204 1142 259 30

142 314 374 376 adulescentiam
396 334 458 374 non
478 314 645 391 requireret
690 313 773 373 Ninil
796 332 918 373 necesse
939 323 984 373 est
1009 311 1080 371 mihi
1105 313 1144 371 de

144 431 193 472 me
213 411 279 488 ipso
299 411 406 485 dicere,
423 428 603 486 quamquam
624 420 670 469 est
690 409 722 470 id
742 408 862 486 quidem
884 408 976 469 senile
996 408 1146 484 aetatique

91 513 129 571 31
144 522 263 571 nostrae
283 508 464 569 conceditur.
508 510 544 566 X
565 506 729 581 Videtisne,
748 516 781 566 ut
799 508 879 583 apud
899 509 1067 566 Homerum
1085 524 1147 565 sae·
1300 577 1302 596 Ι

144 606 264 685 pissime
279 607 389 665 Nestor
402 605 440 663 de
454 602 609 663 virtutibus
629 604 689 663 suis
707 586 880 681 praedicet?
919 604 1051 665 Tertiam
1065 604 1145 663 enim
1300 637 1302 686 y

143 715 272 766 aetatem
294 701 449 762 hominum
470 700 598 775 videbat,
621 719 678 761 nec
700 711 761 760 erat
784 702 812 760 ei
833 703 996 761 verendum
1018 721 1056 760 ne
1078 719 1172 766 veras

146 800 319 878 praedicans
343 800 382 858 de
403 818 434 858 se
456 796 545 857 nimis
567 797 715 858 videretur
734 808 784 857 aut
804 798 937 858 insolens
956 810 1006 858 aut
1026 800 1143 875 loquax.
1299 815 1302 928 p

148 896 274 970 Etenim,
290 906 323 955 ut
336 895 376 954 ait
391 896 551 968 Homerus,
569 914 605 953 ex
618 893 682 952 eius
696 894 796 970 lingua
809 895 896 954 melle
910 894 1025 955 dulcior
1037 896 1148 957 fluebat

147 992 259 1066 orati03
280 1010 368 1067 quam
389 991 429 1049 ad
450 989 623 1049 suavitatem
645 989 733 1049 nullis
752 992 858 1067 egebat
878 991 1008 1067 corporis
1029 992 1145 1053 viribus

151 1091 187 1148 Et
200 1099 302 1148 tamen
316 1087 377 1146 dux
391 1086 440 1145 ille
455 1085 597 1146 Graeciae
611 1105 759 1161 nusquam
778 1098 861 1162 optat
880 1096 914 1145 ut
934 1086 1031 1146 Aiacis
1045 1088 1148 1149 similis

149 1188 256 1245 habeat
276 1186 388 1259 decem,
405 1184 459 1243 sed
479 1194 512 1243 ut
534 1183 675 1258 Nestoris,
694 1185 778 1259 quod
798 1184 822 1243 si
844 1183 899 1243 sibi
920 1184 1068 1256 acciderit,
1088 1206 1150 1247 non
1166 1220 1191 1247 ιο

41 1283 134 1409 732
149 1281 265 1341 dubitat
287 1278 359 1356 quin
381 1279 463 1339 brevi
485 1278 521 1339 sit
543 1279 633 1339 Troia
654 1278 790 1356 peritura.
833 1281 892 1340 Sed
915 1282 1006 1340 redeo
1028 1282 1067 1341 ad
1090 1302 1146 1341 me.

150 1380 295 1453 Quartum
309 1396 365 1454 ago
379 1394 490 1434 annum
505 1386 534 1434 et
549 1374 777 1451 octogesimum:
795 1378 901 1435 vellem
916 1376 1056 1451 equidem
1069 1376 1149 1437 idem

151 1493 237 1551 posse
251 1472 367 1551 gloriari
383 1474 465 1548 quod
484 1474 586 1550 Cyrus,
602 1472 654 1531 sed
674 1483 774 1532 tamen
792 1472 851 1531 hoc
869 1492 947 1549 queo
967 1473 1073 1547 dicere,
1089 1494 1150 1534 non

151 1592 199 1633 me
218 1571 340 1649 quidem
359 1570 402 1631 eis
422 1590 486 1631 esse
505 1570 622 1644 viribus,
639 1570 747 1646 quibus
765 1581 816 1630 aut
835 1570 919 1629 miles
937 1571 1017 1630 bello
1037 1572 1150 1632 Punico

151 1679 203 1727 aut
217 1678 355 1745 quaestor
368 1668 476 1727 eodem
490 1667 569 1726 bello
582 1676 634 1725 aut
647 1668 752 1725 consul
765 1666 796 1725 in
812 1666 960 1743 Hispania
978 1667 1083 1726 fuerim
1102 1680 1152 1727 aut
1168 1701 1191 1737 ις

152 1763 347 1841 quadriennio
368 1775 445 1840 post,
470 1782 539 1821 cum
564 1762 700 1821 tribunus
722 1761 853 1821 militaris
881 1763 1047 1840 depugnavi
1070 1767 1151 1842 apud

151 1863 365 1938 Thermopylas
390 1863 441 1919 M’.
466 1859 626 1920 Glabrione
653 1860 793 1932 consule3
824 1860 877 1919 sed
904 1870 1012 1932 tamen,
1038 1873 1071 1921 ut
1098 1883 1151 1923 vos

153 1958 270 2033 videtis,
284 1977 345 2018 non
364 1959 453 2034 plane
472 1976 520 2016 me
539 1955 695 2028 enervavit,
715 1976 775 2016 non
795 1956 896 2015 afflixit
915 1969 1070 2018 senectus:
1090 1980 1150 2020 non

153 2054 233 2114 curia
252 2054 320 2115 viris
341 2073 422 2113 meas
444 2052 597 2126 desiderat,
622 2072 684 2111 non
703 2064 803 2126 rostra,
823 2073 885 2113 non
904 2054 999 2127 amici,
1019 2076 1081 2116 non
1103 2058 1152 2116 cli-

78 2182 82 2186 ·
153 2163 243 2225 enteS,
274 2171 335 2211 non
362 2149 501 2227 hospites
554 2152 619 2209 Nec
647 2148 727 2208 enim
754 2161 896 2225 umquam
924 2169 989 2210 sum
1017 2172 1153 2213 assensus
1168 2188 1193 2215 ιο
1226 2194 1229 2196 Δ

153 2244 243 2306 veteri
264 2245 306 2305 illi
330 2247 510 2322 laudatoque
532 2244 696 2322 proverbio,
723 2247 805 2322 quod
828 2257 931 2306 monet
953 2258 1067 2308 mature
1087 2245 1152 2309 'fieri

153 2361 263 2415 senem,
288 2341 312 2402 si
337 2342 387 2401 diu
410 2342 482 2402 velis
504 2361 594 2401 senex
617 2360 689 2401 esse
727 2343 792 2417 Ego
816 2362 885 2402 vero
909 2344 1077 2404 meminus
1102 2346 1153 2404 diu

153 2460 255 2500 senem
278 2459 342 2500 esse
366 2441 484 2499 mallem
510 2458 599 2515 quam
623 2458 689 2499 esse
713 2459 816 2498 senem
840 2452 908 2499 ante
932 2460 1022 2516 quam
1047 2461 1150 2501 essem.

155 2540 261 2615 Itaque
281 2558 371 2598 nemo
393 2539 491 2597 adhuc
512 2535 670 2597 convenire
692 2556 741 2596 me
762 2536 855 2596 voluit
875 2536 924 2595 cui
944 2538 1047 2596 fuerim
1068 2559 1154 2599 occu·

101 2643 138 2700 33
154 2652 247 2718 patus.
290 2643 332 2699 At
352 2638 449 2698 minus
469 2640 567 2699 habeo
581 2638 686 2697 virium
701 2656 791 2713 quam
804 2647 934 2697 vestrum
948 2638 1063 2697 utervis
1107 2642 1155 2699 Ne
1169 2671 1192 2708 ας

152 2757 205 2797 vos
220 2736 341 2813 quidem
354 2738 390 2796 T.
407 2734 495 2796 Ponti
512 2734 693 2795 centurionis
711 2734 779 2794 viris
797 2733 930 2794 habetis:
952 2753 1023 2792 num
1042 2734 1153 2796 idcirco

154 2845 198 2895 est
212 2834 261 2893 ille
274 2832 490 2910 praestantior?
531 2831 702 2892 Moderatio
720 2831 813 2890 modo
828 2829 932 2889 virium
949 2830 1026 2891 adsit
1042 2842 1072 2890 et
1090 2843 1153 2892 tan·

154 2944 216 2992 tum
240 2940 383 3007 quantum
405 2940 504 3006 potest
526 2928 652 3005 quisque
677 2926 794 3001 nitatur,
823 2947 862 2987 ne
884 2928 934 2987 ille
960 2948 1022 2988 non
1044 2950 1153 3007 magno

153 3026 301 3089 desiderio
313 3027 461 3087 tenebitur
474 3025 586 3086 virium.
627 3024 785 3101 Olympiae
798 3044 852 3101 per
865 3025 993 3084 stadium
1007 3026 1153 3102 ingressus

152 3143 217 3185 esse
229 3123 305 3183 Milo
316 3122 432 3195 dicitur,
444 3141 511 3181 cum
522 3120 631 3181 umeris
641 3120 798 3180 sustineret
812 3122 939 3181 bovem:
958 3132 1057 3181 utrum
1070 3123 1157 3200 igitur
1169 3158 1193 3196 ,ο

152 3222 206 3279 has
220 3218 350 3295 corporis
364 3237 402 3277 an
417 3218 599 3295 Pythagorae
614 3215 667 3275 tibi
681 3216 764 3275 malis
778 3215 846 3275 viris
859 3215 959 3294 ingeni
973 3218 1057 3279 dari?
1097 3222 1154 3281 De-

152 3316 244 3392 nique
263 3316 320 3374 isto
341 3316 423 3373 bono
442 3325 532 3386 utare,
549 3313 620 3371 dum
641 3312 727 3387 adsit,
749 3333 817 3371 cum
838 3312 924 3387 absit,
946 3334 984 3373 ne
1004 3315 1153 3391 requiras:

152 3411 209 3471 nisi
233 3413 307 3470 forte
329 3411 534 3470 adulescentes
558 3407 722 3485 pueritiam,
746 3410 866 3484 paulum
889 3420 986 3469 aetate
1009 3414 1153 3487 progressi
