2625 3867
169 212 207 282 4s
520 213 635 272 caro
663 212 814 271 aaaron
1047 210 1119 292 [xv
1133 231 1170 289 52

168 344 353 403 memorem?
386 342 489 403 Satiari
500 342 698 403 delectatione
709 362 770 403 non
784 362 915 419 possum,
927 355 961 404 ut
974 364 1060 406 meae
1074 365 1172 406 senec·

168 437 238 497 tutis
254 438 417 514 requietem
439 439 753 516 oblectamentumque
773 440 910 500 noscatis.
954 442 1070 504 Omitto
1092 442 1172 503 enim

168 533 229 593 vim
249 534 345 611 ipsam
366 534 500 595 omniurn
521 555 598 611 quae
625 547 803 612 generantur
823 556 841 597 e
861 547 946 612 terra,
969 558 1047 615 quae
1067 559 1105 600 ex
1124 540 1172 599 fici

168 632 285 691 tantulo
298 650 390 707 grano
403 644 456 691 aut
469 650 507 690 ex
526 630 604 690 acini
618 632 743 692 vinaceo
757 644 809 693 aut
823 653 861 693 ex
876 645 1039 695 ceterarum
1056 638 1172 713 frugum

168 737 218 786 aut
231 726 366 804 stirpium
376 726 578 787 minutissimis
592 727 753 789 seminibus
767 738 867 789 tantos
880 741 1002 792 tmncos
1014 752 1172 809 ramosque
1203 765 1216 803 ς

168 834 320 900 procreet;
348 824 475 885 malleoli
496 827 616 901 plantae
636 837 784 886 sarmenta
804 826 975 888 viviradices
995 829 1173 906 propagines

169 937 269 978 nonne
298 919 427 978 efficiunt
454 930 488 978 ut
515 919 650 995 quemvis
678 940 748 979 cum
775 922 971 983 admiratione
1002 925 1173 985 delectent?

169 1014 246 1075 Vitis
260 1016 382 1091 quidem
396 1035 473 1093 quae
486 1027 591 1076 natura
605 1018 719 1076 caduca
733 1030 777 1077 est
791 1029 829 1090 et,
844 1017 902 1078 nisi
921 1020 994 1079 fulta
1008 1032 1061 1093 est,
1081 1022 1172 1081 fertur

169 1113 208 1172 ad
222 1123 339 1186 terram,
355 1114 470 1187 eadem,
486 1124 520 1173 ut
533 1132 565 1173 se
580 1112 681 1190 erigat,
696 1114 848 1174 claviculis
861 1115 921 1175 suis
935 1117 1020 1193 quasi
1034 1118 1172 1179 manibus

169 1208 316 1287 quidquid
330 1220 375 1269 est
389 1221 476 1269 nacta
489 1210 705 1287 complectitur,
720 1225 810 1287 quam
830 1224 998 1288 serpentem
1018 1215 1173 1291 multiplici
1188 1247 1214 1274 10

169 1309 253 1383 lapsu
275 1318 306 1367 et
326 1308 459 1382 erratico,
479 1310 555 1369 ferro
580 1319 739 1384 amputans
761 1320 880 1370 coercet
899 1330 946 1370 ars
968 1311 1169 1389 agricolarum,

51 1392 95 1499 >
118 1407 155 1465 53
170 1426 208 1467 ne
223 1408 358 1467 silvescat
367 1404 521 1466 sarmentis
536 1415 566 1465 et
576 1404 607 1463 in
621 1403 719 1464 omnis
733 1405 823 1481 partis
831 1406 923 1466 nimia
931 1407 1078 1468 fundatur.
1115 1412 1174 1469 Ita-

170 1524 229 1580 que
250 1504 372 1565 ineunte
392 1523 460 1564 vere
479 1504 509 1562 in
529 1503 571 1562 eis
588 1522 666 1580 quae
683 1502 785 1562 relicta
803 1514 872 1563 sunt
890 1504 1003 1565 exsistit
1021 1516 1173 1583 tamquam

169 1603 208 1660 ad
234 1601 372 1661 articulos
400 1612 614 1661 sarmentorum
642 1619 679 1660 ea
705 1618 782 1676 quae
802 1619 920 1677 gemma
940 1602 1054 1675 dicitur,
1075 1622 1094 1662 a
1114 1622 1175 1679 qua

170 1698 267 1759 oriens
288 1718 345 1758 uva
365 1716 397 1758 se
418 1698 556 1769 ostendit,
579 1716 656 1774 quae
678 1709 708 1757 et
728 1717 801 1757 suco
822 1709 915 1758 terrae
936 1711 966 1758 et
986 1701 1084 1760 calore
1104 1700 1174 1759 solis
1190 1730 1214 1768 ις
1308 1755 1309 1764 ,

170 1816 330 1873 augescens
346 1795 443 1873 primo
461 1808 506 1856 est
527 1797 687 1872 peracerba
706 1806 832 1872 gustatu,
855 1796 926 1855 dein
947 1808 1091 1857 maturata
1111 1799 1174 1858 dul-

170 1892 260 1952 cescit
273 1893 437 1968 vestitaque
450 1890 598 1968 pampinis
613 1910 670 1951 nec
683 1890 804 1950 modico
817 1876 919 1967 tepore
930 1904 1010 1953 caret
1024 1904 1054 1953 et
1067 1892 1175 1953 nimios

171 1989 242 2049 solis
268 1988 402 2049 defendit
429 1989 564 2049 ardores:
595 2008 654 2063 qua
675 1987 746 2063 quid
774 1998 873 2063 potest
900 1981 965 2048 esse
985 2009 1052 2048 cum
1080 1991 1176 2049 fructu

170 2087 283 2160 laetius,
298 2098 361 2146 tum
381 2098 503 2164 aspectu
524 2085 691 2162 pulchrius?
732 2085 824 2147 Cuius
842 2085 965 2162 quidem
984 2106 1044 2146 uon
1063 2086 1174 2147 utilitas

171 2206 219 2247 me
240 2187 345 2257 solum,
367 2196 400 2246 ut
420 2196 489 2245 ante
512 2184 581 2259 dixi,
604 2186 657 2246 sed
680 2185 769 2245 etiam
795 2187 910 2245 cultura
931 2197 962 2247 et
986 2198 1089 2247 natura
1110 2187 1215 2264 ipsam

171 2284 312 2343 delectat:
327 2281 573 2341 adminiculorum
584 2282 712 2355 ordines,
726 2280 855 2358 capitum
866 2281 987 2357 iugatio,
998 2282 1131 2358 religatio
1142 2294 1171 2341 et

171 2377 344 2454 propagatio
354 2376 466 2450 vitium,
473 2388 689 2436 sarmentorum
700 2396 744 2450 ea,
756 2396 846 2454 quam
858 2376 927 2449 dixi,
938 2376 1062 2436 aliorum
1073 2397 1173 2454 ampu-

171 2471 252 2546 tatio,
262 2472 386 2532 aliomm
395 2471 547 2531 immissio.
571 2472 652 2547 Quid
667 2491 723 2548 ego
738 2472 928 2549 irrigationes,
941 2472 1014 2548 quid
1028 2473 1172 2532 fossiones

171 2570 231 2645 agri
241 2568 546 2645 repastinationesque
556 2570 711 2645 proferam,
720 2568 829 2646 quibus
840 2570 873 2629 fit
884 2572 977 2629 multo
987 2581 1063 2629 terra
1076 2571 1173 2629 fecun-

119 2663 157 2721 54
171 2663 257 2723 dior?
288 2664 369 2738 Quid
378 2665 417 2724 de
427 2663 552 2724 utilitate
563 2665 668 2740 loquar
678 2665 881 2725 stercorandi?
913 2664 984 2724 Dixi
994 2665 1025 2724 in
1039 2684 1077 2725 eo
1091 2665 1175 2739 libro,
1191 2695 1215 2734 25

171 2781 262 2838 quem
276 2762 314 2821 de
328 2763 416 2821 rebus
430 2760 544 2821 msticis
559 2761 669 2838 scripsi.
714 2764 761 2820 De
770 2781 830 2838 qua
839 2762 946 2821 doctus
962 2760 1116 2820 Hesiodus
1134 2781 1174 2821 ne

171 2860 293 2919 verbum
309 2858 429 2935 quidem
444 2859 521 2926 lecit,
536 2878 605 2919 cum
620 2861 659 2920 de
674 2862 787 2920 cultura
800 2858 862 2936 agri
876 2859 1022 2919 scriberet.
1052 2862 1093 2917 At
1107 2861 1172 2918 Ho-

170 2974 277 3027 merus,
288 2955 339 3032 qui
353 2954 462 3028 multis,
476 2966 508 3015 ut
522 2954 595 3014 mihi
608 2955 733 3027 videtur,
749 2967 818 3015 ante
833 2955 958 3015 saeculis
971 2956 1035 3028 suit,
1047 2958 1174 3017 Laerten

171 3052 330 3114 lenientem
345 3052 533 3127 desiderium,
549 3053 631 3128 quod
645 3052 783 3129 capiebat
797 3053 894 3127 efilio‚
909 3053 1056 3112 colentem
1070 3072 1172 3129 agrum

171 3159 201 3209 et
210 3168 278 3208 eurn
289 3160 501 3209 stercorantem
509 3148 586 3208 facit.
609 3150 639 3207 N
641 3167 677 3207 ec
690 3167 760 3208 vero
769 3147 918 3225 segetibus
932 3150 1026 3208 solum
1041 3159 1071 3208 et
1086 3150 1175 3225 pratis
1190 3181 1216 3217 30

171 3257 201 3305 et
215 3245 307 3307 vineis
321 3258 351 3307 et
365 3246 492 3307 arbustis
505 3266 551 3306 res
564 3245 692 3307 rusticae
709 3247 804 3306 laetae
818 3253 895 3319 sunt,
912 3247 964 3305 sed
978 3246 1070 3306 hortis
1084 3246 1173 3306 etiam

170 3355 201 3404 et
214 3344 362 3421 pomariis,
378 3356 442 3404 turn
460 3345 611 3421 pecudum
629 3353 726 3419 pastu,
741 3342 841 3419 apium
860 3340 1052 3415 examinibus,
1067 3342 1173 3402 florum

170 3438 303 3499 omnium
331 3438 478 3498 varietate.
522 3440 586 3497 Nec
614 3437 796 3497 consitiones
821 3438 913 3496 modo
936 3438 1094 3507 delectant,
1119 3439 1173 3497 sed
