2625 3867
177 218 214 291 ,a
527 217 642 277 caro
670 217 821 277 Maron
1021 215 1128 298 [xxn
1143 223 1183 279 so

176 358 270 407 mone
283 347 458 421 dissolvitur,
471 358 633 408 ceterarum
647 366 744 407 rerum
758 347 948 425 perspicuom
961 360 1007 409 est
1020 368 1081 426 quo
1095 370 1183 427 quae·

175 462 234 518 que
255 442 397 515 discedat,
421 444 531 503 abeunt
555 443 636 502 enim
663 442 734 503 illuc
762 444 870 518 omnia,
899 446 980 510 unde
1008 457 1072 506 orta
1099 457 1182 523 sunt3

174 539 290 600 animus
304 551 404 601 autem
419 543 498 601 solus
512 560 569 601 nec
579 561 648 600 curn
662 542 748 602 adest
761 562 896 603 neccurn
908 544 1042 606 discessit
1051 556 1179 622 apparet.

176 640 241 698 Iam
256 658 325 699 vero
339 638 445 699 videtis
459 638 533 697 nihil
547 657 612 698 esse
628 639 716 697 morti
735 651 796 698 tam
815 640 911 700 simile
926 660 1016 716 quarn
1031 661 1179 705 somnum

122 739 159 796 el
174 738 267 814 Atqui
294 738 504 798 dormientium
532 738 623 798 animi
659 739 786 799 maxime
819 740 969 799 declarant
997 740 1182 802 divinitatem
1214 770 1227 809 ς

174 856 256 897 suam
263 860 273 914 5
293 839 386 897 multa
399 838 488 911 enim,
503 856 572 896 cum
586 836 700 896 remissi
714 848 745 896 et
758 835 842 897 liberi
862 849 939 911 sunt,
955 839 1054 899 futura
1071 839 1183 916 prospi-

174 932 256 993 ciunt
264 954 273 1006 3
293 953 329 993 ex
343 953 403 1010 quo
417 932 596 1009 intellegitur
609 934 712 1009 quales
725 933 815 993 futuri
829 934 896 1006 siat,
912 955 981 993 cum
996 954 1028 995 se
1042 936 1130 1012 plane
1144 954 1182 994 ex

174 1027 305 1105 corporis
319 1028 422 1088 vinclis
436 1027 636 1088 relaxaverint
669 1029 738 1101 Qua
751 1047 791 1100 re,
801 1028 827 1088 si
840 1029 915 1088 haec
928 1030 970 1088 ita
984 1041 1059 1103 sunt,
1075 1029 1118 1088 sic
1131 1049 1181 1090 me

174 1125 315 1197 colitote’,
326 1124 429 1201 inquit,
444 1128 489 1183 ‘ut
503 1125 602 1195 deum,
615 1122 660 1182 sin
671 1142 730 1182 una
740 1134 785 1183 est
800 1122 967 1184 interiturus
981 1124 1097 1185 animus
1110 1144 1180 1184 cum

173 1241 305 1298 corpore,
320 1240 373 1281 vos
387 1232 496 1293 tamen,
511 1221 585 1280 deos
599 1231 744 1291 verentes,
760 1218 812 1295 qui
830 1220 907 1278 hanc
922 1239 1043 1279 omnem
1056 1221 1182 1297 pulchri·
1198 1252 1226 1279 ιο

173 1320 309 1379 tudinem
323 1330 443 1379 tuentur
456 1328 486 1377 et
500 1328 612 1394 regunt,
623 1316 797 1378 memoriam
812 1317 904 1376 nostri
917 1316 967 1393 pie
981 1316 1181 1393 inviolateque

173 1417 345 1477 servabitis'.

120 1514 158 1571 82
234 1516 356 1573 XXIII.
400 1516 496 1591 Cyrus
520 1514 643 1590 quidem
668 1515 742 1575 baec
761 1514 891 1574 moriens
902 1536 911 1588 ;
939 1532 1003 1586 nos,
1026 1512 1052 1573 si
1073 1514 1180 1590 placet,

173 1621 273 1670 nostra
285 1610 444 1670 videamus.
488 1612 587 1670 Nemo
602 1630 745 1686 umquam
764 1610 846 1682 mihi,
866 1610 975 1686 Scipio,
990 1610 1181 1686 persuadebit

174 1717 225 1765 aut
245 1717 359 1782 patrem
381 1716 466 1765 tuum
489 1708 623 1777 Paulum,
638 1716 690 1765 aut
705 1707 781 1765 duos
795 1725 866 1765 avos
887 1708 1010 1764 Paulum
1026 1715 1057 1765 et
1071 1705 1183 1763 Africa·
1198 1736 1224 1771 ι,

172 1822 254 1876 num,
264 1815 315 1863 aut
329 1801 459 1862 Africani
473 1814 587 1880 patrem
596 1814 647 1863 aut
659 1815 806 1879 patruom,
816 1815 866 1863 aut
880 1806 991 1863 multos
1004 1802 1180 1879 praestantis
1305 1795 1307 1850 i

172 1900 258 1973 viros,
274 1919 350 1977 quos
371 1918 543 1960 enumerare
565 1918 627 1959 non
650 1911 695 1959 est
716 1918 846 1973 necesse,
862 1911 945 1959 tanta
969 1919 1034 1960 esse
1055 1909 1181 1958 conatos

172 2016 249 2074 quae
263 1998 303 2057 ad
317 1996 494 2073 posteritatis
509 1995 683 2055 memoriam
696 1996 884 2073 pertinerent,
900 1997 957 2056 nisi
970 1997 1071 2057 animo
1081 2017 1179 2057 cerne

172 2104 237 2152 rent
251 2092 452 2169 posteritatem
466 2092 505 2151 ad
519 2091 600 2168 ipsos
611 2091 765 2168 pertinere·
802 2095 890 2153 Anne
903 2112 1016 2166 censes,
1031 2105 1064 2153 ut
1078 2095 1117 2154 de
1130 2113 1179 2154 me

113 2176 118 2185 ⁹
172 2190 235 2266 ipse
254 2190 367 2267 aliquid
388 2209 471 2250 more
494 2209 598 2250 senum
620 2190 737 2267 glorier,
751 2210 800 2252 me
814 2201 914 2252 tantos
928 2192 1044 2253 labores
1058 2191 1181 2251 diurnos
1195 2224 1223 2251 ω

172 2301 394 2363 nocturnosque
409 2285 491 2345 dorni
510 2286 692 2361 militiaeque
710 2298 917 2363 suscepturum
931 2287 1029 2361 fuisse,
1046 2288 1070 2346 si
1084 2288 1179 2348 isdem

171 2387 280 2446 finibus
307 2383 430 2461 gloriam
458 2402 556 2442 meam
584 2382 692 2458 quibus
719 2383 810 2443 vitam
835 2402 931 2443 essem
953 2383 1180 2445 terminaturus?

172 2486 282 2543 Nonne
296 2480 401 2541 melius
415 2481 511 2539 multo
523 2478 627 2539 fuisset
640 2479 768 2540 otiosam
784 2491 813 2540 et
827 2479 959 2556 quietam
972 2490 1102 2554 aetatem
1115 2481 1179 2542 sine

172 2580 234 2638 ullo
247 2579 348 2638 labore
362 2588 392 2637 et
406 2576 598 2636 contentione
613 2577 783 2637 traducere?
825 2577 886 2637 Sed
896 2577 998 2637 nescio
1012 2579 1178 2653 quomodo

172 2676 289 2736 animus
299 2675 413 2752 erigens
428 2693 460 2733 se
473 2673 676 2751 posteritatem
687 2673 728 2733 ita
741 2694 858 2751 semper
868 2673 1074 2751 prospiciebat,
1086 2676 1180 2752 quasi,
1194 2709 1219 2745 ις

171 2792 240 2832 cum
255 2771 430 2832 excessisset
452 2770 560 2843 evita,
582 2781 644 2829 tum
665 2770 795 2847 denique
809 2771 937 2832 victurus
959 2783 1044 2833 esset.
1088 2776 1179 2850 Quod

172 2870 294 2947 quidem
317 2868 348 2928 ni
367 2867 409 2927 ita
427 2886 458 2927 se
473 2868 594 2927 haberet
609 2878 641 2926 ut
656 2867 748 2927 animi
768 2868 950 2928 immortales
970 2883 1079 2944 essent,
1098 2873 1179 2931 haud
1300 2887 1303 2934 l

171 2968 276 3045 optimi
294 2966 437 3041 cuiusque
459 2964 575 3024 animus
597 2964 725 3025 maxime
747 2967 787 3024 ad
807 2965 1035 3026 immortalitatis
1054 2967 1177 3043 gloriam
1298 2942 1303 2970 ⁸

118 3065 156 3123 83
171 3065 318 3124 niteretur.
363 3062 445 3138 Quid
473 3061 556 3137 quod
584 3061 817 3138 sapientissimus
846 3062 972 3139 quisque
999 3062 1178 3139 aequissimo

171 3161 272 3221 animo
286 3160 417 3232 moritur,
433 3158 621 3218 stultissimus
635 3158 832 3235 iniquissimo,
848 3179 949 3220 nonne
963 3161 1050 3220 vobis
1062 3160 1179 3221 videtur
1192 3195 1217 3232 30
1300 3191 1302 3224 t

171 3259 196 3318 is
209 3259 333 3331 animus,
349 3257 402 3335 qui
423 3259 488 3334 plus
511 3267 612 3316 cernat
635 3268 665 3315 et
686 3256 811 3333 longius,
826 3256 927 3317 videre
946 3277 979 3317 se
996 3257 1036 3316 ad
1057 3256 1178 3317 meliora

170 3353 325 3431 proficisci,
350 3353 399 3413 ille
421 3363 529 3425 autern,
553 3351 637 3411 cuius
660 3352 795 3411 obtusior
816 3334 961 3427 sit'acies,
980 3372 1042 3413 non
1060 3334 1181 3413 viderei

174 3450 321 3527 Equidem
344 3451 448 3509 efferor
469 3448 566 3507 studio
588 3459 687 3524 patres
708 3460 822 3508 vestros
841 3468 917 3525 quos
935 3448 1015 3509 colui
1034 3460 1064 3509 et
1077 3450 1175 3523 dilexi,
