2625 3867
147 200 174 255 V
193 196 241 279 13]
464 202 531 258 DE
559 201 839 259 SENECTUTE.
1114 220 1152 276 33

146 328 342 405 quadriennio
363 339 430 405 post
451 331 546 388 sactus
564 348 637 404 sum,
658 349 749 406 quem
763 330 966 406 magistratum
986 330 1063 407 gessi
1083 351 1153 390 con-

145 424 258 485 sulibus
281 425 434 485 Tuditano
456 438 485 485 et
514 427 655 503 Cethego,
680 446 748 485 cum
770 427 892 503 quidem
916 428 966 487 ille
986 428 1151 487 admodum

148 540 238 581 senex
253 540 355 582 suasor
368 521 441 597 legis
456 521 578 583 Cinciae
592 524 630 583 de
645 522 733 582 donis
749 533 779 582 et
797 521 968 582 muneribus
982 522 1044 582 fuit
1091 522 1152 581 Hic

148 629 178 677 et
199 619 277 678 bella
294 620 413 695 gerebat
432 630 464 679 ut
485 621 670 693 adulescens,
686 640 756 680 cum
776 623 866 697 plane
883 622 1002 697 grandis
1021 632 1107 693 esset,
1122 632 1152 681 et

123 743 134 781 ς
151 713 353 774 Hannibalem
367 715 532 775 iuveniliter
547 718 743 776 exsultantem
757 716 901 793 patientia
914 736 968 775 sua
981 716 1134 776 molliebat
1142 738 1152 791 3

148 813 187 871 de
202 832 263 888 quo
277 814 425 889 praeclare
438 813 588 874 familiaris
603 826 704 874 noster
718 814 853 874 Ennius:

307 986 383 1023 unus
402 968 483 1026 homo
503 969 581 1025 nobis
600 970 754 1026 mactando
775 970 897 1026 restituti
915 989 994 1037 rem,·

308 1082 425 1122 noenum
447 1083 574 1122 rumores
585 1066 708 1139 ponebat
727 1073 793 1123 onte
812 1068 950 1134 salutem

309 1179 371 1235 ergo
383 1162 509 1235 plusque
528 1163 672 1236 magisque
690 1162 752 1220 viri
769 1180 846 1218 nunc
859 1163 955 1238 gloria
975 1163 1065 1219 claret.

156 1260 189 1286 ὃ

108 1344 133 1371 ιο
207 1316 369 1371 Tarentum
380 1332 450 1373 vero
465 1331 523 1388 qua
532 1312 690 1389 vigilantia,
706 1332 767 1389 quo
786 1314 911 1374 consilio
925 1315 1052 1393 recepit!
1074 1318 1153 1377 Cum
1169 1316 1204 1372 11

149 1407 269 1485 quidem
290 1427 338 1467 me
360 1408 498 1469 audiente
521 1408 686 1481 Salinatori,
707 1409 759 1485 qui
780 1411 889 1471 amisso
908 1411 1020 1487 oppido
1041 1414 1153 1488 fugerat

148 1504 179 1563 in
198 1524 305 1578 arcem,
324 1504 461 1581 glorianti
482 1514 572 1580 atque
589 1505 630 1564 ita
648 1505 767 1581 dicenti,
793 1511 879 1565 ‘mea
898 1526 995 1584 opera,
1016 1509 1052 1583 Q.
1070 1508 1152 1580 Fabi,

148 1606 311 1662 Tarentum
339 1601 495 1681 recepisti',
527 1604 639 1675 ‘certe',
666 1601 762 1677 inquit
794 1602 902 1678 ridens,
935 1598 1018 1661 ‘nam
1041 1604 1099 1663 nisi
1121 1615 1154 1663 tu

149 1700 305 1774 amisisses
324 1719 487 1775 numquam
512 1698 711 1776 recepissem’.
754 1701 784 1757 N
786 1718 820 1760 ec
835 1720 906 1761 vero
927 1699 957 1758 in
971 1700 1059 1760 armis
1072 1720 1154 1777 prae-

111 1828 134 1865 ις
149 1796 273 1857 stantior
283 1816 373 1871 quam
384 1795 415 1854 in
426 1807 494 1872 toga
499 1817 508 1869 3
522 1794 573 1871 qui
585 1795 690 1855 consul
704 1794 820 1867 iterum,
832 1797 880 1871 Sp.
898 1796 1027 1856 Carvilio
1041 1797 1154 1872 collega

150 1893 329 1969 quiescente,
346 1894 380 1953 C.
398 1891 545 1951 Flaminio
560 1892 679 1951 tribuno
691 1890 795 1967 plebis,
811 1892 912 1967 quoad
926 1892 1032 1968 potuit,
1043 1891 1152 1951 'restitit

149 2011 250 2067 agrum
272 1990 425 2049 Picentem
443 2000 472 2049 et
491 1988 638 2049 Gallicum
657 1988 764 2049 viritim
781 1999 885 2048 contra
898 1999 1017 2049 senatus
1030 1990 1155 2049 auctori-

150 2099 241 2148 tatem
270 2087 434 2162 dividenti;
468 2106 621 2163 augurque
649 2106 719 2146 cum
749 2097 834 2159 esset,
864 2086 963 2147 dicere
990 2107 1078 2146 ausus
1110 2099 1155 2148 est

150 2184 270 2264 optimis
288 2185 425 2261 auspiciis
445 2204 480 2245 ea
500 2185 570 2261 geri,
587 2205 664 2261 quae
683 2204 738 2261 pro
756 2183 799 2243 rei
816 2184 954 2261 publicae
969 2186 1063 2245 salute
1075 2204 1155 2262 gere

109 2316 135 2341 ω
148 2294 249 2342 rentur
257 2304 266 2357 3
284 2301 363 2357 quae
378 2292 482 2341 contra
495 2300 556 2339 rem
571 2280 722 2357 publicam
739 2281 891 2353 ferrentur,
906 2291 1010 2339 contra
1023 2280 1155 2359 auspicia

149 2377 225 2437 ferri.
268 2379 365 2436 Multa
379 2376 410 2435 in
424 2396 461 2437 eo
475 2376 538 2436 viro
557 2378 708 2453 praeclara
726 2375 861 2453 cognovi,
878 2376 931 2435 sed
944 2375 1019 2434 nihil
1032 2376 1156 2435 admira·
1170 2378 1207 2434 12

44 2456 48 2461 ¹
150 2472 238 2533 bilius
260 2492 350 2548 quam
374 2492 434 2547 quo
457 2472 548 2531 modo
571 2471 620 2531 ille
643 2483 770 2531 mortem
794 2471 836 2530 fili
858 2472 933 2544 tulit,
957 2470 1027 2529 clari
1048 2470 1102 2530 viri
1124 2481 1153 2531 et

150 2569 320 2630 consularis.
364 2571 417 2628 Est
439 2568 471 2628 in
493 2568 630 2628 manibus
654 2569 794 2639 laudatio,
818 2587 908 2645 quam
930 2588 999 2626 cum
1021 2567 1153 2645 legimus,
1181 2596 1186 2605 ·

150 2687 240 2745 quem
264 2666 475 2743 philosophum
500 2685 561 2725 non
584 2664 826 2725 contemnimus?
867 2666 934 2723 Nec
957 2684 1026 2724 vero
1050 2664 1100 2723 ille
1124 2664 1155 2722 in

110 2795 134 2834 25
149 2768 217 2825 luce
230 2765 329 2839 ¹modo
351 2773 441 2839 atque
462 2762 493 2821 in
512 2762 606 2822 oculis
625 2762 734 2820 civium
753 2781 886 2838 magnus,
903 2762 956 2820 sed
970 2761 1049 2821 intus
1063 2761 1156 2821 domi-

151 2880 210 2938 que
224 2858 426 2938 praestantior.
445 2860 504 2935 Qui
516 2880 621 2932 sermo,
637 2878 714 2935 quae
724 2866 896 2936 praecepta!
916 2862 1036 2935 Quanta
1049 2859 1156 2918 notitia

150 2955 342 3033 antiquitatis,
371 2956 495 3015 scientia
524 2955 593 3014 iuris
621 2954 742 3031 auguri!
798 2958 913 3015 Multae
940 2954 1039 3027 etiam,
1064 2966 1098 3014 ut
1124 2954 1156 3014 in

150 3052 272 3113 homine
300 3055 447 3128 Romano,
477 3052 608 3112 litterae:
644 3051 744 3112 omnia
772 3051 916 3112 memoria
945 3054 1067 3112 tenebat
1094 3070 1156 3111 non

150 3149 314 3210 domestica
333 3151 436 3224 solum,
455 3151 509 3210 sed
528 3148 618 3209 etiam
638 3159 760 3209 externa
777 3149 862 3208 bella
907 3148 1000 3209 Cuius
1019 3167 1156 3208 sermone

110 3278 136 3315 30
149 3246 191 3304 ita
205 3257 268 3305 tum
283 3245 391 3322 cupide
406 3247 530 3317 fruebar,
546 3245 631 3321 quasi
645 3244 704 3304 iam
719 3244 890 3317 divinarem,
906 3244 937 3303 id
951 3246 1035 3320 quod
1049 3243 1155 3318 evenit,

150 3343 201 3402 illo
215 3342 361 3404 exstincto
376 3346 438 3404 fore
452 3344 533 3403 unde
547 3342 693 3402 discerem
706 3341 866 3401 neminem.

138 3434 140 3439 ’
210 3441 247 3498 V.
264 3441 399 3515 Quorsus
417 3440 505 3517 igitur
525 3441 601 3499 haec
618 3449 680 3498 tam
700 3440 795 3498 multa
815 3438 855 3497 de
879 3436 1037 3496 Maximo?
1077 3434 1157 3511 Quia
1171 3438 1209 3495 1³

191 3555 217 3595 a
235 3555 260 3597 c
