2625 3867
155 184 297 265 xv156]
468 190 536 246 nn
563 190 843 250 sannorum
1122 211 1160 265 49

155 315 245 377 etiam
272 315 437 393 insitiones,
466 316 574 395 quibus
598 318 673 379 nihil
697 318 810 379 invenit
837 319 899 397 agri
922 323 1037 381 cultura
1064 322 1162 381 soller-

156 414 221 474 tius.

215 512 301 571 XVI.
343 515 470 574 Possum
490 513 627 591 persequi
647 515 795 592 permulta
822 515 1042 574 oblectamenta
1062 533 1160 574 rerum
1176 515 1212 571 55

154 608 336 683 rusticarum,
351 612 405 670 sed
419 630 454 671 ea
468 611 533 688 ipsa
547 630 623 688 quae
637 610 699 671 dixi
713 610 810 671 sentio
823 610 913 671 luisse
928 610 1068 687 longiora.
1113 614 1159 687 Ig-

127 706 281 773 snoscetis
299 718 407 782 autem,
430 728 500 768 nam
522 720 553 768 et
573 708 672 769 studio
692 728 790 768 rerum
810 708 983 769 rusticarum
1003 720 1159 785 provectus

153 823 229 876 sum,
245 816 275 865 et
296 816 433 865 senectus
454 816 499 865 est
519 816 624 864 natura
642 806 803 882 loquacior,
819 825 858 865 ne
876 808 915 865 ab
936 807 1075 865 omnibus
1091 825 1158 866 eam

153 897 231 958 vitiis
244 899 346 959 videar
358 900 518 960 vindicare.
562 902 641 976 Ergo
652 900 684 958 in
697 901 754 959 hac
768 899 829 959 vita
844 902 895 959 Μ’.
911 899 1027 973 Curius,
1037 919 1106 959 cum
1120 901 1158 961 de

153 994 342 1069 Samnitibus,
352 997 391 1056 de
405 995 529 1071 Sabinis,
545 997 584 1056 de
599 996 712 1073 Pyrrho
720 994 965 1073 triumphavisset,
975 995 1160 1073 consumpsit

152 1103 315 1152 extremum
338 1104 455 1170 tempos
483 1092 605 1167 aetatis3
634 1092 718 1151 cuius
742 1091 864 1169 quidem
886 1111 942 1169 ego
965 1092 1066 1152 villam
1089 1111 1158 1152 con-

114 1190 306 1266 10templans,
324 1191 409 1251 abest
429 1189 509 1251 enim
530 1209 592 1249 non
613 1190 703 1266 longe
727 1208 746 1249 a
767 1208 824 1262 me,
846 1188 984 1249 admirari
1004 1188 1075 1248 satis
1095 1208 1156 1249 non

151 1304 273 1361 possum
286 1288 334 1346 vel
355 1286 483 1347 hominis
497 1285 588 1364 ipsius
602 1284 818 1346 continentiam
831 1287 879 1346 vel
893 1297 1059 1362 temporum
1073 1284 1158 1344 disci-

152 1383 274 1460 plinam.
318 1382 410 1444 Curio
438 1384 478 1444 ad
506 1384 606 1443 focum
637 1381 754 1443 sedenti
781 1401 922 1459 magnum
949 1381 1013 1441 auri
1039 1383 1158 1459 pondus
1173 1382 1210 1439 56

154 1479 302 1539 Samnites
317 1497 386 1539 cum
408 1477 582 1552 attulissent,
606 1476 753 1553 repudiati
774 1489 859 1551 sunt;
880 1476 1040 1537 nonenim
1054 1496 1158 1536 aurum

151 1574 261 1634 habere
288 1575 471 1651 praeclarum
492 1572 549 1633 sibi
569 1573 663 1633 videri
684 1572 766 1646 dixit,
789 1574 843 1633 sed
870 1573 913 1633 eis
940 1571 992 1650 qui
1013 1574 1157 1633 haberent

47 1716 93 1739 ..,
113 1703 136 1739 15
151 1691 254 1731 aurum
281 1671 434 1749 imperare.
492 1674 652 1742 Poteratne
681 1682 781 1730 tantus
808 1672 925 1731 animus
953 1674 1068 1733 efficere
1095 1691 1157 1731 non

150 1768 312 1829 iucundam
333 1762 538 1829 senectutem?
579 1769 639 1829 Sed
660 1767 749 1829 venio
770 1769 810 1828 ad
830 1768 982 1845 agricolas,
1007 1788 1047 1829 ne
1068 1788 1087 1828 a
1107 1787 1157 1828 me

151 1864 215 1942 ipso
229 1866 375 1926 recedam.
419 1868 456 1925 In
469 1865 546 1943 a'gris
560 1877 643 1926 erant
658 1877 722 1925 tum
743 1877 902 1942 senatores,
918 1866 949 1926 id
963 1877 1008 1926 est
1022 1885 1115 1937 senes,
1132 1865 1156 1925 si

150 1961 272 2037 quidem
293 1961 387 2021 aranti
409 1964 442 2020 L.
464 1960 607 2037 Quinctio
626 1961 808 2023 Cincinnato
829 1961 997 2022 nuntiatum
1019 1971 1064 2021 est
1088 1980 1156 2021 eum

150 2057 324 2119 dictatorem
352 2078 418 2119 esse
451 2060 571 2133 sactum,
606 2060 691 2120 cuius
719 2060 871 2121 dictatoris
905 2060 986 2119 iussu
1019 2057 1157 2136 magister

109 2184 135 2211 ω
148 2154 281 2230 equitnm
296 2157 330 2216 C.
342 2154 478 2215 Servilius
493 2156 590 2215 Ahala
603 2157 654 2232 Sp.
670 2156 814 2217 Maelium
828 2175 951 2234 regnum
965 2167 1155 2233 appetentem

149 2263 327 2328 occupatum
348 2250 504 2312 interemit
548 2254 576 2311 A
598 2252 668 2312 villa
689 2253 721 2311 in
743 2263 881 2312 senatum
902 2254 1104 2313 arcessebatur
1125 2264 1155 2312 et

149 2346 255 2408 Curius
273 2358 304 2408 et
320 2348 410 2407 ceteri
429 2367 524 2421 senes,
543 2367 579 2408 ex
599 2367 661 2424 quo
680 2347 733 2424 qui
749 2367 801 2408 eos
821 2349 1009 2409 arcessebant
1028 2348 1154 2408 viatores

149 2442 294 2503 nominati
307 2454 385 2503 sunt.
428 2446 510 2503 Num
524 2443 611 2522 igitur
624 2445 730 2503 horum
744 2456 883 2505 senectus
903 2442 1076 2504 miserabilis
1090 2443 1153 2517 suit,

148 2540 201 2617 qui
224 2560 256 2601 se
277 2540 338 2619 agri
361 2540 493 2602 cultione
513 2542 728 2602 oblectabant?
772 2543 845 2601 Mea
865 2540 986 2618 quidem
1008 2539 1155 2601 sententia

107 2670 132 2706 25
145 2640 226 2698 haud
241 2637 303 2699 scio
317 2658 355 2698 an
378 2640 460 2698 nulla
475 2638 590 2699 beatior
608 2640 703 2716 possit
724 2658 798 2714 esse,
813 2655 913 2716 neque
931 2641 1028 2699 solum
1045 2637 1152 2712 officio,

147 2735 230 2811 quod
244 2734 400 2795 hominum
412 2734 514 2813 generi
527 2734 667 2796 universo
680 2737 793 2796 cultura
806 2754 943 2812 agrorum
951 2745 997 2795 est
1010 2733 1151 2808 salutaris,

147 2831 200 2891 sed
215 2841 244 2891 et
259 2831 457 2892 delectatione
476 2851 567 2909 quam
586 2831 656 2907 dixi,
673 2842 703 2892 et
722 2831 873 2892 saturitate
891 2830 1037 2908 copiaque
1055 2850 1152 2891 rerum

146 2926 289 3001 omnium,
300 2947 378 3004 quae
392 2930 431 2988 ad
445 2928 555 2989 victum
570 2928 736 3003 hominum,
748 2931 787 2990 ad
801 2931 914 2989 cultum
924 2928 1013 2989 etiam
1027 2930 1152 2989 deorum

146 3024 302 3101 pertinent,
317 3036 357 3097 ut,
380 3025 522 3102 quoniam
542 3027 617 3088 haec
637 3025 759 3103 quidam
781 3025 959 3099 desiderant,
977 3025 1008 3084 in
1028 3023 1152 3101 gratiam

106 3153 132 3192 ,ο
144 3122 204 3181 iam
218 3142 287 3182 cum
300 3124 454 3200 voluptate
468 3124 633 3185 redeamus.
676 3126 798 3201 Semper
808 3124 888 3185 enim
902 3124 975 3185 boni
983 3122 1152 3200 assiduique

145 3219 260 3280 domini
280 3222 386 3281 referta
403 3222 480 3282 cella
499 3221 619 3296 vinaria,
637 3223 756 3294 olearia,
775 3221 866 3283 etiam
886 3220 1008 3298 penaria
1027 3231 1080 3293 e'st,
1103 3219 1152 3280 vil·

144 3315 232 3391 laque
250 3324 313 3374 tota
331 3315 463 3392 locuples
484 3327 536 3390 est,
553 3317 685 3376 abundat
704 3335 796 3394 porco
816 3318 914 3377 haedo
935 3334 1013 3394 agno
1033 3313 1150 3391 gallina,

144 3412 221 3471 lacte
248 3431 336 3477 caseo
363 3414 459 3472 melle.
504 3414 570 3473 Iam
598 3413 715 3474 hortum
746 3411 802 3490 ipsi
823 3412 969 3491 agricolae
989 3410 1151 3472 succidiam

225 3526 252 3567 n
269 3526 295 3569 c
1050 3528 1070 3581 4
