2625 3867
185 246 224 300 44
529 226 642 287 caro
669 227 819 285 Maron
1057 224 1130 301 [xri
1145 244 1181 297 41

185 355 314 417 Romani
327 367 535 434 permanserat,
550 376 582 417 se
596 376 614 415 a
628 355 788 415 maioribus
808 365 880 414 natu
893 354 1043 430 accepisse
1057 352 1183 427 dicebat,

184 474 252 514 cum
267 453 388 530 quidem
408 453 435 513 ei
448 453 577 513 sennoni
591 452 769 513 interfuisset
784 453 871 512 Plato
884 449 1082 523 Atheniensis,
1094 469 1184 526 quem

183 554 345 610 Tarentum
358 549 474 610 venisse
489 552 521 608 L.
533 548 661 610 Camillo
670 551 727 625 Ap.
738 547 866 610 Claudio
877 547 1047 607 consulibus
1060 546 1181 623 reperio.

131 648 169 705 42
185 648 317 723 Quorsus
344 647 425 705 hoc?
453 648 497 707 Ut
525 644 742 722 intellegeretis,
771 644 796 704 si
823 645 1006 721 voluptatem
1036 642 1184 720 aspernari

183 742 296 803 ratione
312 730 343 802 et
363 740 508 817 sapientia
528 760 590 800 non
603 760 767 817 possemus,
783 760 921 817 magnam
935 758 1001 799 esse
1014 740 1209 807 habendam,

183 838 327 899 senectuti
347 836 478 915 gratiam,
493 856 570 912 quae
587 836 715 895 efficeret
728 846 761 894 ut
776 834 808 895 id
822 854 883 895 non
902 835 1006 895 liberet
1022 838 1103 911 quod
1122 856 1183 897 non

183 946 338 1013 oporteret
382 935 512 1011 Impedit
526 934 605 995 enim
620 934 777 994 consilium
785 936 930 1010 voluptas,
945 933 1052 994 rationi
1064 934 1184 996 inimica

183 1043 236 1105 est,
252 1031 359 1093 mentis
373 1042 404 1091 ut
419 1031 461 1091 ita
474 1030 571 1091 dicam
587 1030 773 1108 praestringit
787 1032 898 1103 oculos,
915 1051 971 1091 nec
984 1032 1075 1091 habet
1088 1034 1181 1092 ullum

182 1150 250 1190 eum
264 1129 370 1189 virtute
384 1128 604 1189 commercium.
649 1126 765 1187 Invitus
779 1127 836 1187 feci
853 1138 887 1188 ut
905 1127 1054 1187 fortissimi
1071 1128 1124 1188 viri
1144 1132 1180 1189 T.

183 1225 340 1285 Flaminini
354 1226 471 1284 fratrem
491 1226 524 1283 L.
541 1222 743 1283 Flamininum
763 1243 781 1283 e
798 1235 903 1283 senatu
922 1224 1048 1284 eicerem
1067 1236 1182 1302 septem
1198 1258 1222 1283 10

182 1322 267 1383 annis
280 1334 348 1401 post
362 1342 451 1400 quam
465 1323 570 1382 consul
588 1321 700 1393 luisset,
715 1323 767 1381 sed
785 1323 948 1381 notandam
966 1322 1066 1398 putavi
1086 1323 1181 1384 libidi-

182 1439 259 1481 nem.
302 1421 358 1480 Ille
372 1419 451 1479 enirn
466 1440 534 1479 cum
548 1430 625 1479 esset
639 1421 744 1479 consul
764 1418 795 1477 in
810 1419 906 1480 Gallia
919 1430 1054 1479 exoratus
1067 1419 1098 1478 in
1112 1440 1180 1481 con-

181 1516 259 1577 vivio
280 1537 298 1577 a
318 1528 416 1577 scorto
439 1527 483 1576 est
503 1527 535 1577 ut
557 1515 651 1575 securi
679 1515 776 1576 feriret
803 1515 933 1592 aliquem
956 1535 1058 1575 eorum
1079 1516 1180 1592 quiin

181 1612 304 1673 vinculis
324 1623 429 1684 essent,
445 1611 578 1672 damnati
599 1611 640 1671 rei
662 1611 802 1688 capitalis.
847 1613 908 1672 Hie
929 1612 998 1672 Tito
1019 1615 1106 1673 fratre
1127 1632 1181 1674 suo

180 1730 311 1783 censore,
326 1709 378 1786 qui
392 1708 542 1786 proximus
556 1719 626 1769 ante
640 1727 689 1768 me
703 1709 805 1780 suerat,
816 1710 932 1785 elapsus
948 1721 1000 1782 est,
1020 1710 1090 1769 mihi
1112 1731 1182 1772 vero
1197 1745 1221 1780 ις

181 1820 210 1869 et
238 1811 345 1869 Flacco
367 1807 538 1884 neutiquam
560 1807 679 1885 probari
701 1808 797 1883 potuit
821 1818 881 1866 tarn
901 1807 1046 1883 flagitiosa
1066 1821 1097 1869 et
1120 1820 1181 1868 tam

180 1905 295 1982 perdita
314 1904 415 1978 libido,
433 1924 592 1981 quaecum
612 1906 721 1981 probro
740 1904 852 1982 privato
870 1906 1062 1983 coniungeret
1077 1907 1181 1984 imperi

180 2003 317 2063 dedecus.

87 2074 95 2112 l
127 2099 165 2157 4³
239 2101 330 2158 XIII.
373 2100 467 2175 Saepe
477 2098 604 2159 audivie
618 2099 777 2159 maioribus
786 2111 865 2172 natu,
878 2100 928 2177 qui
936 2121 968 2162 se
977 2121 1064 2178 porro
1073 2122 1181 2179 pueros

180 2211 198 2251 a
212 2192 330 2252 senibus
341 2193 458 2253 audisse
467 2192 615 2266 dicebant,
626 2193 724 2253 mirari
738 2196 856 2256 solitum
867 2198 900 2257 C.
913 2197 1080 2257 Fabricium
1089 2200 1178 2275 quod,
1195 2231 1221 2258 ω

179 2308 248 2348 cum
261 2291 342 2366 apud
355 2308 453 2366 regem
470 2290 612 2367 Pyrrhum
626 2292 739 2367 legatus
758 2303 844 2363 esset,
860 2293 991 2353 audisset
1004 2314 1022 2352 a
1035 2295 1180 2354 Thessalo

180 2384 275 2446 Cinea
289 2404 353 2445 esse
374 2387 524 2462 quendam
543 2386 670 2446 Athenis
685 2387 736 2463 qui
755 2408 787 2448 se
802 2388 965 2465 sapientem
985 2392 1177 2467 profiteretur,

181 2502 309 2559 eumque
323 2482 422 2543 dicere
437 2483 538 2544 omnia
548 2503 624 2559 quae
637 2485 800 2545 faceremus
813 2488 853 2546 ad
860 2488 1043 2563 voluptatem
1057 2507 1122 2548 esse
1136 2508 1178 2549 re·

178 2580 305 2639 ferenda
349 2580 440 2655 Quod
455 2599 491 2639 ex
511 2600 548 2641 eo
569 2582 717 2642 audientis
738 2585 788 2642 M'.
805 2582 928 2644 Curium
949 2594 979 2643 et
995 2584 1041 2643 Ti.
1065 2586 1178 2646 Corun-

179 2676 297 2735 canium
312 2688 414 2754 optare
428 2677 531 2737 solitos
549 2690 582 2738 ut
600 2678 632 2737 id
651 2680 832 2740 Samnitibus
853 2679 968 2757 ipsique
987 2682 1097 2757 Pyrrho
1119 2702 1181 2759 per·
1194 2715 1218 2751 2,
1303 2685 1304 2704 ¹

178 2773 356 2846 suaderetur,
378 2793 439 2849 quo
463 2774 575 2833 facilius
596 2774 675 2834 vinci
695 2786 818 2852 possent
838 2796 906 2834 cum
927 2796 959 2837 se
978 2777 1179 2855 voluptatibus

178 2866 338 2927 dedissent.
381 2868 501 2929 Vixerat
530 2869 581 2930 M'.
612 2870 719 2931 Curius
743 2891 811 2930 cum
834 2875 866 2931 P.
894 2872 998 2945 Deci0,
1022 2874 1073 2949 qui
1095 2874 1179 2950 quin-

177 2964 309 3041 quennio
323 2975 392 3025 ante
406 2985 474 3026 eum
493 2969 646 3027 consulem
661 2987 693 3027 se
707 2988 761 3045 pro
774 2988 806 3029 re
824 2969 943 3046 publica
956 2982 1060 3046 quarto
1074 2990 1178 3030 consu-

177 3065 237 3123 latu
252 3065 423 3125 devoverat:
444 3076 529 3125 norat
543 3067 673 3125 eundem
687 3065 847 3139 Fabricius,
862 3077 947 3126 norat
960 3067 1174 3140 Coruncanius,
1301 3081 1302 3084 ’

176 3160 226 3236 qui
241 3180 309 3219 cum
324 3180 360 3220 ex
374 3160 496 3221 suavita
510 3172 572 3221 tum
584 3180 621 3221 ex
634 3160 697 3220 eius
708 3180 797 3238 quem
812 3162 880 3224 dico
892 3162 967 3222 Deci
978 3164 1057 3222 sacto
1071 3161 1179 3222 iudica·
1193 3195 1220 3232 30

175 3258 248 3317 bant
262 3276 326 3317 esse
340 3258 473 3334 profecto
486 3256 598 3332 aliquid
612 3268 716 3317 natura
724 3259 877 3335 pulchrum
886 3270 976 3336 atque
986 3262 1174 3339 praeclarum,

176 3354 258 3429 quod
275 3372 328 3413 sua
347 3364 453 3429 sponte
471 3364 655 3429 expeteretur
676 3355 817 3431 quodque
838 3367 936 3432 spreta
955 3366 984 3415 et
1006 3369 1177 3436 contempta

1300 3327 1301 3392 l

125 3449 164 3507 44
178 3450 328 3527 voluptate
342 3448 471 3527 optimus
485 3448 610 3526 quisque
630 3461 807 3526 sequeretur.
852 3451 1001 3525 Quorsum
1015 3451 1102 3529 igitur
1115 3465 1175 3516 tam
1300 3399 1301 3490 l
