2625 3867
166 193 222 250 180

163 335 283 383 nusquam
310 327 352 367 aut
375 322 469 370 nullum
496 323 555 371 fore.
603 322 659 371 Nec

161 386 236 439 enim,
247 383 309 431 dum
320 399 387 432 erum
397 387 533 445 vobiscum,
547 385 657 460 animum

161 462 243 496 meum
265 448 395 506 videbatis,
416 451 459 498 sed
482 467 538 499 eum
560 466 613 498 esse
631 450 658 499 in

162 512 210 560 hoc
228 527 330 573 empore
349 528 379 560 ex
394 513 430 562 eis
447 515 521 563 rebus
537 529 598 578 quas
617 529 658 577 ge-

162 575 247 624 rebam
258 576 445 649 intellegebatis.
471 579 527 626 Nee
538 594 597 627 vero
609 579 658 627 cla·

163 655 245 687 romm
256 640 364 687 virorum
363 649 430 715 post
438 650 543 691 mortem
552 642 659 690 honores

163 711 342 781 permanerent,
349 719 370 753 st
363 704 441 754 nihil
453 721 538 755 eorum
548 706 659 768 ipsorum

163 768 240 816 animi
263 768 394 828 efficerent,
419 786 469 834 quo
496 770 587 818 diutius
609 785 659 818 me·

164 832 267 880 moriam
285 832 323 880 sui
340 839 485 883 teneremus
522 833 587 882 Mihi
606 834 659 908 qui·

164 898 222 945 dem
254 912 388 971 numquam
416 899 557 961 persuaderi
579 898 661 962 potuit

165 961 260 1008 animos
284 961 372 1009 dum
365 977 391 1009 ιιι
413 962 557 1026 corporibus
579 968 661 1011 essent

165 1024 311 1073 mortalibus
338 1025 428 1082 vivere,
456 1042 514 1075 cum
545 1026 660 1075 excessis·

165 1096 220 1137 sent
242 1104 272 1137 ex
288 1089 324 1137 eis
346 1090 439 1146 emori;
459 1107 505 1139 nec
527 1106 586 1139 vero
608 1098 661 1138 tum

166 1153 277 1201 animum
301 1168 354 1202 esse
372 1153 530 1228 insipientem
552 1169 608 1203 cum
630 1170 661 1202 ex

167 1216 294 1280 insipienti
322 1232 426 1293 corpore
458 1218 582 1277 evasisset,
618 1219 662 1266 sed

167 1296 224 1330 cum
243 1281 312 1329 omni
333 1281 485 1331 admixtione
507 1282 617 1345 corporis
633 1282 662 1330 li·

167 1347 266 1393 beratus
288 1361 362 1408 purus
381 1353 407 1394 et
424 1347 519 1410 integer
534 1362 588 1396 esse
606 1361 662 1395 coe·

168 1410 253 1472 pisset,
267 1411 541 1474 tumessesapientem.
578 1411 664 1474 Atque

168 1474 251 1531 etiam,
273 1489 330 1522 cum
351 1474 459 1523 hominis
476 1482 565 1524 natura
583 1483 663 1522 morte

168 1537 317 1598 dissolvitur,
330 1546 467 1587 ceterarum
477 1555 558 1588 rerum
570 1539 663 1602 perspi·

168 1616 242 1650 cuom
268 1610 305 1650 est
330 1617 381 1666 qno
405 1619 517 1678 quaeque
542 1603 662 1660 discedat,

168 1667 260 1714 abeunt
272 1667 338 1714 enim
350 1667 409 1715 illue
419 1669 511 1726 omnia,
525 1668 592 1716 unde
610 1675 665 1716 orta

168 1738 239 1790 sunt;
259 1732 355 1780 animus
371 1740 455 1780 autem
473 1733 539 1780 solus
550 1748 596 1781 nec
607 1747 664 1780 eum

169 1796 238 1844 adest
262 1811 308 1843 nec
336 1811 393 1844 cum
414 1797 526 1846 discessit
552 1803 665 1872 apparet.

170 1861 224 1907 Iam
246 1875 305 1907 vero
326 1860 414 1909 videtis
435 1861 499 1909 nihil
520 1877 573 1909 esse
591 1860 665 1909 morti

170 1933 221 1971 tam
238 1924 318 1971 simile
334 1939 410 1987 quam
429 1940 551 1974 somnum.
586 1926 666 1988 Atqui

169 1987 344 2036 dormientium
363 1989 439 2036 animi
458 1990 567 2038 maxime
584 1989 671 2038 decla·'

171 2059 225 2100 rant
237 2052 392 2101 divinitatem
403 2069 487 2112 suam3
499 2054 578 2102 multa
589 2054 665 2109 enim,

170 2132 227 2165 cum
249 2116 344 2165 remissi
366 2124 390 2166 et
413 2117 484 2165 liberi
501 2125 566 2174 sunt,
585 2117 666 2166 futura

171 2180 324 2243 prospiciunt
333 2198 341 2239 ;
375 2197 405 2229 ex
438 2197 488 2245 quo
515 2182 666 2245 intellegitur

171 2245 256 2308 quales
268 2245 341 2292 futuri
359 2245 415 2304 sint,
430 2261 486 2294 cum
503 2262 529 2295 se
544 2247 619 2308 plane
635 2262 666 2294 ex

171 2309 282 2372 corporis
301 2308 389 2357 vinclis
405 2310 575 2358 relaxaverint.
610 2310 667 2371 Qua

174 2389 208 2428 re,
220 2373 241 2421 si
252 2372 313 2421 haee
324 2373 359 2420 ita
369 2383 435 2430 sunt,
447 2374 482 2423 sic
493 2390 533 2422 me
543 2373 667 2428 colitote’,

173 2437 260 2500 inquit,
276 2442 316 2484 ‘ut
326 2437 407 2495 deum,
423 2437 460 2486 sin
471 2454 521 2486 una
532 2447 568 2486 est
583 2438 666 2485 interi-

173 2509 242 2549 turus
257 2501 353 2549 animus
372 2517 428 2550 cum
446 2517 556 2565 corpore,
569 2517 613 2549 vos
631 2509 667 2548 ta·

173 2581 239 2623 men,
258 2565 318 2612 deos
338 2573 457 2623 verentes,
475 2565 517 2628 qui
535 2565 599 2612 hanc
615 2580 668 2612 om·

174 2645 231 2677 nem
248 2629 456 2690 pulchritudinem
473 2635 573 2676 tuentur
591 2635 615 2676 et
631 2644 668 2676 re·

174 2700 244 2755 gunt,
255 2693 400 2741 memoriam
412 2693 490 2740 nostri
506 2693 547 2755 pie
565 2693 668 2740 inviola-

175 2763 248 2820 teque
259 2754 406 2805 servabitis’

535 192 777 250 APPENDIX
800 193 837 248 B.

710 323 772 370 κεΐτε
789 322 909 370 εἰδέναι
896 337 926 370 ως
944 321 1010 370 οὐδέν
1028 323 1075 381 είμι
1093 321 1144 382 ἐγὼ
1160 321 1207 380 ἔτι,

709 383 805 434 ἐπειδὰν
823 383 865 433 τοῖν
888 387 1034 446 ἀνθρωπίνου
1051 388 1127 465 βίου
1123 388 1208 432 τελευ-

709 451 786 508 τήσω·
797 447 910 512 οὐδὲγὰρ
928 447 971 498 νῦν
987 467 1025 498 τοι
1042 448 1127 509 τήνγ’
1147 445 1210 508 ἐμὴν

710 513 791 576 ψυχήν
808 515 906 574 ἐωρδτε,
921 511 977 561 ἀλλ’
988 515 1022 563 nir
1039 512 1206 587 διεπράττετο,

709 580 800 628 romu
811 577 920 636 αὐτην
904 595 935 627 ωι
951 579 1024 626 οὖσαν
1040 574 1209 638 κατεφωρᾶτε.

710 643 760 691 τοῖς
771 643 797 690 δὲ
808 644 929 702 φθιμένοις
942 640 985 690 τὰς
1004 639 1071 698 τιμὰς
1089 643 1210 698 διαμένειν

710 707 746 753 ἔτι
764 705 794 753 θν
813 707 911 763 δοκεῖτε,
932 707 953 752 εί
967 707 1066 764 μηδενὸς
1083 706 1163 754 αὐτῶν
1184 707 1210 752 nl

711 771 788 831 ψυχαί
805 772 881 832 κθριαι
898 741 974 829 ήσαν;
997 772 1061 850 οὔτοι
1079 772 1169 830 ἔγωγε,
1191 767 1211 815 ὦ

710 835 799 894 παῖδες,
813 837 866 882 οὐδὲ
879 852 952 883 τουτο
971 832 1071 882 πιίποτε
1091 835 1207 890 ἐπείσθην

711 895 953 977 ιδιήψυχήέωςμὲν
970 897 1000 945 δν
1019 900 1045 946 ἐν
1065 895 1144 957 θνητῳ
1163 896 1208 945 σιί-

710 979 768 1022 ματι
781 957 803 1022 ἦ,
816 964 852 1022 ip,
866 966 923 1011 ὅταν
935 963 962 1011 δὲ
969 964 1055 1010 τοίττου
1062 959 1208 1022 ἀπαλλαγή

711 1028 834 1085 τέθνηκεν·
852 1029 906 1074 οὐδέ
916 1044 947 1088 γε
958 1026 1021 1076 δπωι
1037 1025 1133 1107 ἄφρων
1140 1028 1210 1074 ἔσται

712 1109 727 1148 η
721 1089 816 1152 ψυχή,
827 1091 924 1139 ἐπειδᾶν
936 1109 979 1138 του
967 1088 1089 1165 ἄφρονος
1098 1087 1210 1147 σώματος
1294 1161 1295 1166 1

713 1157 770 1215 δίχα
780 1156 890 1216 γένηται,
904 1153 955 1203 οὐδὲ
975 1153 1046 1204 τοῦτο
1064 1156 1208 1212 πέπεισμαι·

712 1217 791 1266 dlx*
778 1236 835 1266 οταν
846 1219 946 1280 ἄκρατος
957 1221 996 1267 καί
1008 1215 1137 1279 καθαρδς’
1127 1234 1139 1265 ο
1158 1217 1209 1266 νοῦς
1294 1259 1295 1264 ,

712 1284 816 1345 ἐκκριθῇ,
830 1286 886 1331 τότε
897 1285 937 1331 καί
949 1281 1129 1360 φρυνιμωτατον
1148 1283 1209 1330 είκδς

714 1349 785 1396 αὐτὸν
796 1348 863 1396 εἶναι.
887 1349 1041 1406 διαλυομένου
1052 1349 1077 1394 δε
1087 1343 1210 1409 ανθρωπου

714 1410 775 1471 δῆλθ
791 1413 856 1459 ἐστιν
875 1413 965 1460 ἕκαστα
983 1413 1086 1459 ἀπιόντα
1106 1413 1165 1470 πρὸς
1180 1411 1209 1458 τὸ

713 1473 835 1536 ὁμόφυλον
853 1474 917 1534 πλὴν
934 1475 977 1534 τής
997 1477 1084 1552 ψυχῆς·
1103 1473 1164 1530 αὕτη
1184 1471 1210 1521 δὲ
1294 1469 1295 1514 ἶ

714 1541 775 1599 μθνη
786 1541 840 1588 otte
844 1541 975 1620 παροῦσα
973 1537 1053 1586 οθτε’
1039 1535 1144 1586 απιοῖνσα
1155 1535 1209 1598 δρα-

714 1621 763 1651 ται.
787 1602 952 1663 ἑννοήσατεθ,
962 1601 1017 1665 εφη,
1029 1621 1067 1650 οτι
1078 1604 1210 1662 ἐγγύτερον
1294 1659 1295 1668 ¹

714 1667 759 1726 μὲν
780 1670 828 1716 τῶν
853 1669 1003 1727 ἀνθρωπίνων
1026 1665 1122 1746 θανάτῳ
1144 1667 1211 1712 οὐδέν
1294 1689 1295 1694 =

716 1731 807 1780 ἐστιν’
793 1747 875 1780 υπνου
888 1750 903 1791 η
897 1731 940 1779 δε
951 1749 994 1780 που
984 1729 1131 1792 ἀνθρώπου
1143 1730 1211 1792 ψυχή

715 1798 771 1844 τότε
780 1796 856 1854 δήπου
865 1795 976 1854 θειοτάτη
988 1796 1161 1868 καταφαίνεται
1171 1796 1211 1840 καί

715 1862 771 1908 ⁷⁶⁷⁶
781 1878 805 1907 Τί
822 1878 869 1908 TW
879 1860 1016 1918 μελλόντων
1031 1855 1132 1920 προορᾷ
1155 1860 1211 1905 τότε
1294 1885 1295 1896 ι

715 1923 779 2002 Ύᾶθ,
784 1923 813 1973 ὦς
829 1927 903 2002 ἔοικε,α
912 1923 1020 1982 μάλιστα
1036 1923 1210 2001 ἐλευθεροῦται.
1294 1945 1295 1950 =

716 1991 736 2036 εί
753 1986 797 2047 μὲν
817 1991 856 2036 οθν
875 1987 948 2035 οὕτως
966 1989 1017 2047 ἔχει
1036 1986 1114 2034 ταῦτα
1130 1984 1211 2050 ὥσπερ

716 2053 766 2114 ἐγω
783 2054 846 2112 οίμαι
861 2051 931 2100 καίΙ
917 2071 932 2110 η
950 2048 1018 2113 ψυχή
1029 2051 1170 2098 καταλείπει
1183 2051 1211 2098 τὸ

717 2121 795 2176 σῶμα,
810 2118 848 2164 καί
859 2117 903 2175 τήν
920 2115 978 2174 ἐμήν
991 2113 1073 2178 ψυχήν
1089 2115 1210 2162 καταιδού-

717 2198 783 2239 μενοι
799 2182 890 2228 ποιεῖτε
905 2181 920 2227 δ
937 2181 985 2240 ἐγὼ
1000 2181 1088 2238 δέομαι·
1105 2181 1126 2226 εί
1142 2176 1168 2226 δὲ
1177 2177 1212 2236 μή

717 2262 798 2301 ουτως,
818 2243 882 2292 ἀλλὰ
898 2243 1033 2302 μένουσαή
1053 2240 1121 2302 ψυχή
1136 2243 1162 2289 ἐν
1178 2243 1214 2300 τῷ

718 2307 811 2366 σώματι
833 2305 1030 2365 συναποθνήσκει,
1055 2303 1119 2354 ἀλλὰ
1148 2307 1211 2354 θεούς

718 2391 748 2434 γε
758 2374 811 2420 τοὺς
823 2373 859 2419 ἀεὶ
868 2373 939 2419 δντας
947 2374 985 2418 καί
998 2369 1061 2418 πάντ
1062 2370 1212 2430 ’ἐφορῶντας

718 2439 757 2484 καὶ
777 2435 858 2484 πάντα
881 2437 1024 2494 δυναμένους,
1043 2436 1067 2481 oi
1084 2436 1124 2481 καί
1141 2433 1212 2492 τήνδε

718 2501 762 2557 τήν
773 2502 820 2546 τῶν
830 2498 891 2546 ὅλων
901 2499 966 2557 τάξιν
973 2500 1113 2557 συνέχουσιν
1125 2494 1212 2559 ατριβῆ

719 2566 815 2612 τούτους
820 2565 965 2641 φοβούμενοι
972 2561 1066 2621 μήποτε
1076 2563 1161 2622 ἀσεβες
1168 2579 1211 2620 μη

719 2625 759 2674 δὲν
770 2623 829 2686 μηδὲ
841 2624 935 2675 ανόσιον
951 2625 1012 2684 μήτε
1026 2624 1142 2684 ποιήσητε
1152 2623 1212 2683 μήτε

719 2693 875 2752 βουλευσητε.
