2625 3867
131 186 208 290 xiv
223 229 276 313 4⁶]
409 294 410 297 .
447 232 514 290 oa
542 231 821 292 snrvncrura.
1095 250 1132 308 45

129 361 223 419 multa
237 359 275 419 de
288 361 457 436 voluptate?
498 358 578 435 Quia
596 377 657 418 nou
672 359 764 418 modo
778 356 954 434 vituperatio
975 359 1064 430 nulla,
1080 360 1133 417 sed

129 454 219 514 etiam
234 474 350 515 summa
362 457 426 515 laus
447 454 607 514 senectutis
624 465 677 527 est,
693 455 776 531 quod
795 474 832 514 ea
852 456 1019 531 voluptates
1039 455 1135 513 nullas

130 572 239 630 magno
254 572 344 630 opere
352 552 507 639 desiderat.
552 554 641 613 Caret
651 551 746 628 epulis
755 553 969 629 exstructisque
979 550 1090 612 mensis
1104 561 1135 610 et

129 652 332 727 frequentibus
353 651 474 728 poculis.
519 652 607 712 Caret
628 670 698 727 ergo
719 650 807 711 etiam
822 650 984 711 vinulentia
997 662 1027 711 et
1040 649 1135 709 crudi-

102 756 189 812 state
216 758 247 807 et
275 747 437 807 insomniis.
480 748 540 807 Sed
568 746 592 806 si
620 746 733 825 aliquid
757 747 891 806 dandum
913 758 957 807 est
979 745 1132 823 voluptati,

130 843 271 918 quoniam
293 844 356 905 eius
375 843 526 905 blanditiis
545 863 607 904 non
626 844 712 903 facile
731 843 910 916 obsistimus,
933 843 1033 903 divine
1055 842 1133 903 enim

131 940 215 1000 Plato
230 961 329 1003 escam
343 943 488 1002 malorum
507 942 636 1018 appellat
650 941 832 1016 voluptatem
846 940 929 1016 quod
947 958 984 999 ea
996 937 1135 998 videlicet

129 1035 265 1097 homines
285 1037 439 1114 capiantur
455 1048 487 1097 ut
504 1037 608 1115 pisces,
624 1055 805 1113 quamquam
824 1034 1025 1095 immoderatis
1039 1033 1134 1110 epulis
1233 1060 1239 1071 ·

129 1144 208 1193 caret
223 1145 367 1208 senectus
383 1134 509 1195 modicis
524 1145 624 1193 tamen
637 1132 781 1193 conviviis
795 1132 934 1193 delectari
948 1144 1054 1210 potest.
1098 1133 1131 1192 C.

89 1258 114 1285 ιο
129 1228 279 1287 Duellium
302 1232 343 1288 M.
366 1232 408 1302 F,
424 1229 476 1306 qui
496 1234 614 1290 Poenos
635 1232 727 1289 classe
748 1230 859 1306 primus
880 1227 1036 1301 devicerat,
1050 1228 1134 1288 rede-

129 1335 232 1385 untem
260 1346 279 1386 a
305 1348 380 1387 cena
407 1348 510 1389 senem
535 1346 623 1405 saepe
648 1329 787 1388 videbam
810 1346 897 1404 puer3
931 1327 1133 1388 delectabatur

129 1442 216 1483 cereo
243 1426 336 1485 sunali
365 1437 396 1485 et
420 1426 549 1500 tibicine,
568 1447 644 1504 quae
667 1426 723 1486 sibi
744 1427 827 1485 nullo
848 1427 986 1501 exemplo
1004 1425 1133 1502 privatus

129 1532 306 1598 sumpserat:
338 1533 454 1583 tantum
477 1523 613 1585 licentiae
638 1524 730 1583 dabat
757 1523 857 1600 gloria
900 1522 960 1582 Sed
981 1521 1054 1597 quid
1078 1540 1133 1598 ego
1147 1522 1184 1579 45

128 1619 224 1678 alios?
265 1621 315 1679 Ad
331 1639 380 1679 me
397 1620 494 1697 ipsum
512 1620 570 1680 iam
589 1632 723 1681 revertar.
766 1619 899 1678 Primum
913 1617 1005 1678 habui
1018 1637 1134 1694 semper

90 1742 113 1781 ις
128 1713 451 1775 sodalis-sodalitates
475 1726 575 1775 autem
597 1735 646 1775 me
674 1725 831 1791 quaestore
858 1713 1037 1775 constitutae
1065 1723 1133 1772 sunt

128 1810 218 1870 sacris
240 1810 337 1870 Idaeis
353 1814 482 1888 Magnae
502 1812 608 1872 Matris
624 1812 937 1889 acceptis-epulabar
956 1812 1044 1888 igitur
1064 1831 1132 1871 cum

129 1906 289 1980 sodalibus,
312 1907 436 1968 omnino
456 1908 584 1981 modice,
602 1909 655 1968 sed
677 1919 739 1969 erat
759 1909 882 1985 quidam
903 1910 1000 1968 fervor
1019 1908 1131 1980 aetatis,

129 2022 188 2079 qua
205 2005 411 2081 progrediente
432 2006 534 2065 omnia
552 2007 627 2066 fiunt
640 2006 672 2066 in
686 2007 750 2067 dies
764 2006 888 2066 mitiora.
930 2009 1038 2083 Neque
1053 2006 1132 2065 enim

128 2100 259 2177 ipsomm
288 2100 489 2162 conviviorum
517 2104 746 2163 delectationem
774 2103 974 2180 voluptatibus
1001 2101 1133 2179 corporis

89 2230 114 2255 ω
128 2198 220 2275 magis
234 2218 325 2275 quam
339 2210 427 2260 coetu
446 2199 609 2260 amicorum
627 2214 656 2261 et
673 2202 859 2261 sermonibus
873 2200 1035 2273 metiebar;
1055 2200 1132 2260 bene

129 2294 208 2353 enim
229 2294 354 2354 maiores
373 2296 590 2358 accubitionem
608 2300 760 2374 epularem
780 2297 952 2372 amicorum,
967 2296 1038 2375 quia
1056 2295 1134 2357 vitae

89 2386 94 2393 ’
129 2391 369 2451 coniunctionem
404 2393 533 2466 haberet,
561 2394 730 2454 convivium
763 2394 998 2468 nominaverunt,
1027 2393 1133 2453 melius

129 2506 220 2563 quam
241 2487 356 2562 Graeci,
372 2488 423 2564 qui
441 2490 499 2548 hoc
518 2489 598 2573 idem
618 2499 683 2549 tum
703 2490 966 2566 compotationem,
982 2498 1046 2548 tum
1063 2507 1132 2547 con·

129 2584 316 2645 cenationem
336 2597 452 2659 vocant,
468 2598 508 2657 ut,
525 2587 607 2662 quod
623 2587 654 2645 in
675 2606 713 2647 eo
731 2605 839 2662 genere
859 2586 1015 2646 minimum
1032 2596 1085 2657 est,
1101 2585 1132 2644 id

89 2711 113 2748 25
127 2680 253 2740 maxime
267 2683 392 2757 probare
405 2681 568 2741 videantur.

110 2782 138 2842 7
189 2781 273 2837 XIV.
318 2782 382 2855 Ego
403 2798 473 2839 vero
493 2788 613 2855 propter
639 2778 784 2837 sermonis
805 2777 1034 2837 delectationem
1061 2789 1133 2837 tem·
1146 2778 1184 2834 46

128 2874 247 2951 pestivis
261 2894 381 2952 quoque
396 2874 537 2935 conviviis
552 2876 691 2947 delector,
702 2893 758 2934 nec
766 2894 834 2933 curn
842 2874 1014 2951 aequalibus
1025 2876 1130 2947 solum,

128 2971 179 3048 qui
193 2971 280 3048 pauci
294 2971 458 3031 admodum
472 2982 591 3043 restant,
607 2973 662 3031 sed
682 2990 751 3029 cum
765 2982 862 3030 vestra
876 2971 965 3031 etiam
981 2981 1077 3030 aetate
1092 2982 1133 3030 at-

130 3085 187 3144 que
214 3066 376 3140 vobiscum,
398 3068 555 3141 habeoque
578 3065 724 3126 senectuti
744 3085 882 3142 magnam
901 3064 1033 3143 gratiam,
1055 3083 1132 3140 quae

89 3196 113 3235 30
127 3164 199 3223 mihi
226 3163 370 3224 sermonis
398 3162 569 3223 aviditatem
597 3162 687 3237 auxit,
716 3163 846 3240 potionis
874 3174 903 3222 et
925 3162 985 3222 cibi
1007 3163 1129 3223 sustulit

128 3260 219 3335 Quod
240 3257 264 3319 si
285 3278 375 3336 quem
397 3258 485 3318 etiam
506 3259 563 3319 ista
583 3259 742 3331 delectant,
758 3278 796 3319 ne
817 3258 940 3319 omnino
960 3259 1072 3318 bellum
1092 3257 1133 3317 in·

128 3355 236 3416 dixisse
256 3353 358 3414 videar
375 3353 529 3430 voluptati,
545 3354 628 3413 cuius
645 3365 691 3414 est
711 3355 834 3414 fortasse
850 3352 971 3431 quidam
993 3353 1133 3414 naturalis

127 3452 242 3518 modus,
264 3466 324 3509 non
346 3448 485 3524 intellego
506 3467 544 3508 ne
564 3447 595 3507 in
616 3448 679 3508 istis
699 3447 821 3525 quidem
842 3447 913 3526 ipsis
933 3446 1132 3524 voluptatibus
