2625 3867
168 232 205 285 42
526 214 640 273 erro
667 215 819 273 Maron
1054 216 1166 298 [x136

166 338 271 401 lumini
292 342 391 403 oleum
412 340 544 415 instilles,
560 341 763 419 exstinguntur
784 354 945 404 senectute.
988 347 1027 406 Et
1045 366 1170 425 corpora

166 436 287 513 quidem
318 437 559 497 exercitationum
594 438 804 517 defetigatione
837 439 1050 518 ingravescunt,
1078 444 1170 504 animi

166 543 266 594 autem
281 534 469 596 exercitando
482 535 622 595 levantur.
666 538 746 595 Nam
764 556 840 613 quos
858 538 899 597 ait
917 539 1065 601 Caecilius
1081 542 1170 602 comi-

167 649 219 690 cos
233 632 337 691 stultos
351 651 445 705 senes,
457 632 512 691 hos
523 630 667 709 significat
680 633 816 693 credulos
826 634 987 696 obliviosos
1001 637 1169 712 dissolutos,

166 746 244 803 quae
256 727 328 788 vitia
342 740 410 789 sunt
424 747 485 790 non
506 728 676 802 senectutis,
691 730 746 789 sed
764 729 865 790 inertis
884 731 1007 809 ignavae
1023 734 1170 795 somnicu-
1185 766 1197 804 ς

167 824 248 883 losae
269 824 436 885 senectutis.
480 826 524 886 Ut
545 824 717 901 petulantia,
732 837 764 886 ut
785 825 878 887 libido
898 828 993 905 magis
1013 841 1057 891 est
1071 832 1170 891 adule-

167 920 311 980 scentium
332 940 422 998 quarn
443 939 557 993 senum,
574 941 629 981 nec
649 932 751 983 tamen
771 923 905 983 omnium
925 926 1168 1000 adulescentium,

167 1017 221 1075 sed
244 1034 305 1077 non
327 1017 496 1093 proborum,
519 1018 561 1076 sic
583 1017 640 1077 ista
661 1017 762 1078 senilis
784 1018 915 1093 stultitia,
937 1040 1014 1097 quae
1036 1022 1171 1083 deliratio

25 1139 89 1248 7
115 1114 152 1171 37
167 1113 308 1190 appellari
328 1116 410 1187 solet,
430 1134 534 1175 senum
555 1114 666 1175 levium
685 1126 737 1187 est,
760 1135 822 1175 non
838 1116 980 1177 omnium
1025 1120 1172 1195 Quattuor

167 1211 304 1270 robustos
314 1210 399 1282 filios,
409 1209 540 1287 quinque
551 1210 634 1284 filias,
646 1222 760 1271 tantam
771 1214 903 1286 domum,
914 1223 1011 1273 tantas
1021 1213 1173 1275 clientelas
1189 1247 1214 1273 ιο

167 1305 282 1382 Appius
295 1307 415 1382 regebat
430 1317 458 1366 et
472 1326 578 1367 caecus
596 1318 627 1368 et
645 1327 755 1382 senex;
775 1307 921 1369 intentum
940 1308 1020 1369 enim
1038 1309 1171 1370 animum

167 1414 318 1479 tamquam
339 1423 440 1463 arcum
459 1404 587 1464 habebat
606 1424 663 1465 nec
683 1406 877 1481 languescens
897 1407 1109 1467 succumbebat
1129 1418 1172 1467 se‘

169 1498 288 1559 nectuti.
311 1500 447 1560 Tenebat
456 1518 518 1561 non
528 1501 620 1560 modo
631 1500 843 1574 auctoritatem,
854 1502 908 1561 sed
917 1501 1007 1562 etiam
1015 1501 1171 1579 imperium

168 1597 199 1654 in
221 1616 309 1657 suos:
338 1597 510 1657 metuebant
532 1596 614 1670 servi,
637 1600 812 1658 verebantur
831 1596 924 1671 liberi,
945 1617 1047 1658 carum
1067 1618 1172 1659 omnes

117 1694 155 1751 38
169 1693 319 1754 habebant
328 1716 338 1769 3
357 1693 475 1771 vigebat
495 1693 526 1753 in
546 1694 597 1754 illo
616 1693 733 1753 animus
751 1692 862 1770 patrius
876 1705 906 1754 et
919 1693 1082 1771 disciplina.
1125 1697 1213 1763 Ita15

169 1789 249 1849 enim
268 1802 405 1850 senectus
423 1791 549 1850 honesta
567 1801 619 1863 est,
636 1790 660 1849 si
679 1810 711 1849 se
731 1790 795 1866 ipsa
813 1790 954 1863 defendit,
975 1790 1000 1850 si
1020 1789 1065 1850 ius
1087 1809 1171 1850 suum

169 1886 283 1959 retinet,
300 1886 324 1946 si
338 1885 450 1946 nemini
464 1887 650 1962 emancipata
664 1896 717 1958 est,
733 1885 758 1945 si
776 1904 870 1962 usque
888 1887 928 1945 ad
942 1884 1079 1945 ultimum
1093 1886 1174 1963 spiri-

170 1994 233 2041 tum
248 1982 417 2043 dominatur
430 1982 462 2042 in
476 2002 554 2043 suos.
597 1986 641 2044 Ut
660 1983 740 2042 enim
759 1984 980 2044 adulescentem
998 1983 1029 2044 in
1048 2004 1109 2062 quo
1127 1995 1172 2045 est

170 2079 263 2139 senile
284 2079 406 2156 aliquid,
429 2080 472 2140 sic
499 2099 601 2140 senem
624 2080 655 2139 in
680 2099 741 2157 quo
765 2091 809 2140 est
836 2080 948 2157 aliquid
974 2081 1173 2141 adulescentis

171 2179 277 2254 probo,
293 2179 375 2255 quod
389 2177 441 2254 qui
455 2178 594 2255 sequitur,
609 2197 734 2255 corpore
752 2197 843 2239 senex
861 2198 926 2239 esse
941 2180 1057 2255 poterit,
1073 2179 1174 2240 animo
1188 2210 1215 2239 ω

171 2292 334 2351 numquam
348 2274 409 2334 erit.
453 2274 601 2351 Septimus
616 2274 689 2334 mihi
702 2275 777 2335 liber
796 2275 950 2352 Originum
969 2287 1013 2336 est
1032 2276 1175 2336 inmani·
1306 2259 1308 2278 Ι

170 2372 240 2445 bus3
258 2370 358 2430 omnia
371 2370 552 2447 antiquitatis
566 2382 762 2431 monumenta
774 2372 883 2449 colligo
886 2394 896 2447 3
925 2359 1174 2435 causarumillus·

171 2466 266 2541 trium,
296 2486 488 2545 quascunque
518 2468 646 2542 defendi,
676 2489 755 2528 nunc
788 2488 858 2528 cum
888 2470 1015 2531 maxime
1044 2470 1172 2533 conficio

172 2562 318 2621 orationes
328 2584 338 2637 3
358 2562 402 2622 ius
424 2564 577 2639 augurium
598 2563 783 2641 pontificium
803 2561 889 2625 civile
907 2576 1020 2638 tracto;
1047 2569 1173 2628 multum
1306 2641 1308 2652 Ι

173 2660 262 2719 etiam
285 2659 407 2721 Graecis
432 2660 534 2721 litteris
562 2672 636 2734 utor,
657 2660 962 2738 Pythagoriorumque
984 2682 1075 2737 more,
1096 2683 1175 2724 exer·
1189 2695 1214 2734 ις

172 2757 285 2815 cendae
299 2755 459 2817 memoriae
475 2756 574 2833 gratia,
590 2757 664 2833 quid
683 2776 803 2833 quoque
822 2758 871 2820 die
890 2759 1012 2819 dixerim
1030 2760 1174 2821 audierim

172 2852 281 2929 egerim
295 2872 498 2915 commemoro
512 2856 633 2932 vesperi.
665 2858 735 2915 Hae
749 2867 817 2916 sunt
827 2857 1050 2918 exercitationes
1063 2856 1172 2935 ingeni,

172 2952 247 3010 haec
272 2951 416 3011 curricula
439 2953 564 3027 mentis;
596 2952 627 3012 in
651 2954 698 3013 his
726 2955 875 3015 desudans
902 2966 992 3031 atque
1020 2957 1174 3017 elaborans

173 3046 303 3123 corporis
325 3046 393 3107 viris
415 3068 477 3108 non
499 3068 606 3126 magno
625 3069 716 3126 opere
736 3050 880 3111 desidero.
924 3051 1041 3110 Adsum
1061 3052 1172 3124 amicis,

173 3142 260 3203 venio
274 3144 306 3202 in
319 3155 455 3204 senatum
469 3147 607 3222 frequens
621 3148 758 3223 ultroque
776 3148 867 3207 affero
880 3166 927 3207 res
940 3149 1067 3207 multum
1080 3159 1110 3209 et
1124 3148 1175 3208 diu
1189 3181 1215 3219 30
1306 3215 1308 3230 ,

173 3240 315 3317 cogitatas
329 3260 439 3317 easque
453 3253 537 3302 tueor
551 3242 651 3314 animi,
669 3262 730 3302 non
750 3243 879 3319 corporis
893 3243 1011 3304 viribus.
1054 3245 1136 3320 Quas
1151 3243 1175 3304 si

173 3336 294 3413 exsequi
308 3337 469 3413 nequirem,
482 3348 582 3399 tamen
596 3359 645 3399 me
658 3341 783 3399 lectulus
797 3359 881 3399 meus
895 3340 1055 3400 oblectaret
1066 3359 1102 3399 ea
1111 3340 1176 3416 ipsa

173 3434 361 3511 cogitantem,
385 3454 462 3511 quae
483 3435 542 3495 iarn
569 3456 655 3513 agere
683 3457 744 3497 non
765 3458 902 3514 possem,
930 3439 983 3498 sed
1007 3449 1040 3497 ut
1062 3438 1173 3515 possim
