2625 3867
200 40 307 141 w.
335 28 590 151 willo
639 38 805 198 &sqq

141 241 254 325 x136]
471 236 538 301 DE
565 241 841 302 sannorum
1106 256 1142 310 41

139 370 372 432 adulescentiam
394 372 507 431 debent
527 369 683 447 requirere.
727 372 837 431 Cursus
858 378 903 427 est
924 378 1021 427 certus
1041 365 1146 427 aetatis

139 474 170 528 'et
184 490 244 529 una
256 468 304 529 via
318 479 440 528 naturae
451 486 546 543 eaque
560 466 692 542 simplex,
705 483 817 541 suaque
831 464 939 541 cuique
952 463 1028 541 parti
1042 462 1146 523 aetatis

140 564 354 643 tempestivitas
368 575 413 626 est
427 564 505 636 data,
521 572 554 622 ut
568 572 597 624 et
611 561 766 620 infirmitas
784 580 942 638 puerorum
961 571 991 620 et
1010 558 1146 619 ferocitas

140 662 279 722 iuvenum
293 671 324 719 et
337 658 461 737 gravitas
480 657 539 717 iam
558 656 721 717 constantis
740 655 844 715 aetatis
862 666 892 715 et
910 654 1070 715 senectutis
1086 674 1146 714 ma-

115 756 242 826 sturitas
264 756 397 815 naturale
420 754 564 831 quiddam
582 753 683 825 habet,
706 752 790 828 quod
808 769 864 811 suo
882 761 1015 827 tempore
1034 749 1145 827 percipi

142 854 257 915 debeat
301 850 413 911 Audire
432 860 462 910 te
480 848 611 919 arbitror,
627 846 735 924 Scipio,
751 848 861 923 hospes
880 858 947 906 tuus
966 846 1061 905 avitus
1081 849 1145 905 Ma·
1160 845 1199 904 34

142 952 247 1013 sinissa
273 967 351 1027 quae
378 946 465 1007 saciat
493 946 583 1007 hodie
617 943 780 1023 nonaginta
811 955 898 1003 natus
930 963 1042 1003 annos:
1076 962 1146 1003 cum

142 1048 289 1123 ingressus
304 1046 361 1105 iter
379 1043 507 1121 pedibus
526 1043 571 1118 sit,
587 1042 618 1102 in
637 1062 724 1103 ecum
743 1041 867 1102 omnino
886 1061 948 1101 non
966 1042 1127 1101 ascendere
1137 1062 1146 1115 3

141 1166 211 1206 cum
233 1155 333 1205 autem
355 1162 442 1220 equo,
467 1162 503 1203 ex
524 1161 603 1219 equo
624 1158 687 1200 non
715 1140 915 1212 descendere3
943 1139 1025 1198 nullo
1049 1136 1144 1211 imbri,

104 1276 127 1303 10
140 1244 221 1302 nullo
243 1240 349 1319 frigore
368 1239 477 1299 adduci
496 1249 530 1299 ut
548 1237 645 1315 capite
666 1247 771 1313 operto
790 1236 827 1295 sit
836 1257 846 1308 3
867 1254 1012 1295 summam
1031 1254 1096 1295 esse
1115 1235 1145 1292 in

142 1360 179 1400 eo
198 1338 329 1416 corporis
348 1336 519 1410 siccitatem,
534 1336 634 1412 itaque
651 1334 753 1395 omnia
772 1333 893 1411 exsequi
909 1334 985 1411 regis
1002 1332 1099 1394 officia
1116 1343 1146 1392 et

142 1455 271 1496 munera
315 1437 417 1494 Potest
439 1432 527 1510 igitur
548 1431 719 1492 exercitatio
741 1442 771 1493 et
793 1429 988 1507 temperantia
1007 1430 1096 1491 etiam
1115 1430 1146 1489 in

141 1543 294 1593 senectute
308 1550 481 1591 conservare
495 1529 608 1606 aliquid
622 1529 737 1608 pristini
750 1529 873 1590 roboris.

203 1632 259 1689 XI.
303 1632 351 1689 Ne
365 1627 423 1688 sint
442 1627 473 1686 in
492 1638 644 1689 senectute
658 1627 752 1689 vires:
773 1647 812 1687 ne
825 1629 1011 1705 postulantur
1024 1626 1147 1705 quidem

103 1757 126 1795 ις
140 1726 215 1786 vires
230 1745 248 1784 a
266 1735 426 1785 senectute.
471 1726 551 1800 Ergo
573 1734 610 1783 et·
622 1724 737 1800 legibus
758 1733 788 1783 et
809 1722 949 1783 institutis
962 1733 1046 1784 vacat
1067 1734 1147 1782 aetas

143 1834 243 1883 nostra
257 1820 429 1881 muneribus
444 1820 486 1880 eis
501 1839 578 1896 quae
593 1840 653 1881 non
665 1831 790 1897 possunt
804 1817 868 1879 sine
878 1818 987 1880 viribus
1001 1819 1144 1879 sustineri.

142 1924 249 1996 Itaque
274 1938 335 1978 non
359 1918 452 1977 modo
476 1919 558 1994 quod
586 1936 647 1977 non
671 1936 839 1993 possumus,
864 1918 918 1977 sed
942 1936 980 1976 ne
1002 1928 1146 1993 quantum
1171 1900 1175 1907 ’

141 2035 298 2093 possumus
326 2014 447 2092 quidem
475 2014 617 2091 cogimur.
668 2018 708 2074 At
735 2013 821 2074 multi
848 2013 889 2074 ita
916 2026 984 2075 sunt
1007 2014 1146 2075 imbecilli
1162 2014 1244 2073 351⁴

142 2132 237 2186 senes,
260 2122 293 2171 ut
321 2112 435 2170 nullum
459 2098 538 2171 offici
561 2122 611 2171 aut
639 2111 763 2172 omnino
790 2111 868 2172 vitae
895 2131 1004 2171 munus
1026 2110 1148 2187 exsequi

102 2243 127 2269 ω
142 2208 264 2287 possint.
307 2210 347 2267 At
361 2207 393 2267 id
407 2206 529 2283 quidem
544 2226 605 2267 non
624 2207 775 2285 proprium
796 2208 955 2269 senectutis
973 2207 1075 2268 vitium
1093 2220 1146 2282 est,

143 2308 197 2369 sed
210 2324 371 2366 commune
383 2304 567 2364 valetudinis.
605 2307 704 2381 Quam
718 2305 772 2366 suit
790 2306 955 2367 imbecillus
970 2309 1002 2366 P.
1018 2291 1147 2365 Africani

142 2405 228 2479 filius,
244 2404 268 2464 is
282 2403 334 2481 qui
353 2414 383 2463 te
404 2404 563 2480 adoptavit,
581 2423 672 2480 quam
686 2403 768 2464 tenui
786 2416 837 2464 aut
858 2407 939 2464 nulla
957 2405 1054 2482 potius
1073 2407 1148 2465 vale

142 2504 264 2565 tudinel
306 2503 398 2577 Quod
412 2500 443 2560 ni
457 2502 498 2561 ita
511 2502 621 2575 fuisset,
637 2506 760 2563 alterum
780 2502 854 2563 illud
873 2502 1029 2563 exstitisset
1048 2505 1148 2562 lumen

143 2601 286 2673 civitatis;
313 2602 353 2661 ad
373 2611 525 2677 paternam
547 2600 626 2661 enim
647 2602 882 2678 magnitudinem
903 2601 995 2660 animi
1015 2600 1150 2663 doctrina

105 2732 127 2770 25
141 2698 259 2760 uberior
273 2707 443 2758 accesserat.
487 2697 570 2772 Quid
588 2697 696 2757 mirum
714 2697 801 2775 igitur
813 2698 844 2758 in
859 2698 987 2771 senibus,
1002 2697 1027 2757 si
1041 2697 1149 2757 infirmi

144 2806 212 2857 sunt
236 2795 406 2871 aliquando,
432 2814 501 2853 cum
525 2793 557 2853 id
581 2814 620 2854 ne
643 2796 850 2855 adulescentes
878 2794 999 2871 quidem
1023 2796 1150 2871 effugere

144 2894 279 2972 possint?
320 2892 542 2965 Resistendum,
558 2892 642 2952 Laeli
663 2903 693 2953 et
714 2892 821 2969 Scipio,
838 2893 983 2953 senectuti
1004 2903 1057 2967 est,
1077 2892 1150 2953 eius·

144 3012 204 3068 que
214 2990 285 3051 vitia
295 2988 447 3067 diligentia
457 2990 681 3067 compensanda
695 3000 772 3065 sunt,
790 2991 984 3067 pugnandum
998 3001 1149 3068 tamquam

144 3097 248 3147 contra
267 3087 405 3145 morbum
427 3084 469 3145 sic
490 3095 593 3145 contra
613 3097 805 3162 senectutem,
828 3087 968 3146 habenda
984 3086 1059 3146 ratio
1075 3088 1150 3147 vale·
1165 3088 1203 3145 36

104 3220 130 3258 30
143 3184 263 3256 tudinis
288 3184 433 3243 utendum
459 3184 716 3245 exercitationibus
740 3184 875 3260 modieis,
900 3194 1015 3245 tantum
1039 3185 1099 3245 cibi
1122 3196 1151 3247 et

144 3281 274 3360 potionis
293 3280 506 3352 adhibendum,
521 3292 553 3341 ut
572 3280 739 3341 reficiantur
758 3281 841 3356 vireS,
858 3304 919 3343 non
940 3282 1150 3361 opprimantur.

146 3384 213 3441 Nec
227 3398 298 3439 vero
312 3378 427 3455 corpori
441 3381 539 3438 solum
554 3377 790 3438 subveniendum
810 3391 862 3453 est,
879 3381 933 3439 sed
951 3379 1044 3439 menti
1062 3390 1152 3456 atque

147 3477 247 3537 animo
275 3477 369 3535 multo
397 3474 497 3551 magis.
550 3477 628 3534 Nam
657 3477 732 3535 haec
759 3495 888 3552 quoque,
918 3474 973 3535 nisi
1001 3487 1151 3553 tamquam
