2625 3867
16 1596 75 1814 l

159 211 198 269 50
510 193 625 253 ciro
651 192 806 253 MAIOR
1022 191 1109 271 [xvi
1127 198 1164 268 5⁶

157 324 446 401 alteramappellant.
491 321 668 384 Conditiora
677 322 749 383 facit
758 324 833 383 haec
841 322 1065 399 supervacaneis
1075 323 1165 383 etiam

105 420 142 478 st
158 418 254 495 operis
268 419 430 497 aucupium
440 428 535 496 ¹atque
548 418 675 479 venatio.
719 418 801 495 Quid
809 420 848 477 de
863 429 1011 494 pratorum
1020 417 1166 479 viriditate

156 527 207 575 aut
229 517 366 577 arborum
389 515 543 576 ordinibus
567 527 618 575 aut
645 516 798 576 vinearum
825 514 1037 575 olivetorumve
1065 516 1165 592 specie

157 613 242 687 plura
268 611 389 671 dicam?
444 610 530 671 Brevi
552 611 733 688 praecidam.
785 613 867 687 Agro
888 609 966 669 bene
988 612 1069 670 culto
1092 610 1165 669 nihil

156 720 255 786 potest
278 728 343 770 esse
363 729 420 770 nec
439 730 496 770 usu
515 709 634 770 uberius
654 728 712 769 nec
734 709 834 786 specie
856 708 996 782 ornatius,
1014 710 1054 768 ad
1073 728 1163 785 quem
1193 740 1206 777 ς

156 806 315 866 fruendum
330 825 392 866 non
406 807 499 866 modo
514 825 575 865 non
588 807 726 879 retardat,
741 803 945 865 verumetiam
960 804 1062 864 invitat
1076 816 1165 881 atque
1209 818 1212 821 ’

157 904 275 963 allectat
295 915 441 963 senectus.
485 903 548 964 Ubi
568 902 649 964 enim
666 913 764 979 potest
781 901 832 961 illa
850 912 931 961 aetas
949 914 1001 962 aut
1019 905 1164 964 calescere

156 1001 204 1061 vel
224 1000 405 1078 apricatione
422 1000 527 1061 melius
546 1001 593 1060 vel
614 999 685 1075 igni,
700 1010 750 1059 aut
767 997 897 1058 vicissim
916 998 1027 1059 umbris
1042 999 1165 1075 aquisve

105 1098 143 1155 58
157 1096 318 1173 refrigerari
338 1096 499 1157 salubrius?
539 1094 601 1157 Sibi
620 1097 750 1156 habeant
770 1093 858 1171 igitur
877 1115 967 1167 arma,
982 1094 1038 1155 sibi
1059 1113 1161 1172 equos,

157 1192 213 1253 sibi
226 1195 332 1265 hastas,
344 1193 399 1254 sibi
410 1195 523 1253 clavam
535 1203 564 1253 et
579 1192 678 1269 pilam,
689 1190 745 1252 sibi
758 1191 931 1251 venationes
945 1202 1035 1268 atque
1049 1212 1150 1254 cursus
1155 1214 1164 1267 3
1181 1224 1206 1251 ω
1306 1203 1308 1212 ’

157 1286 243 1348 nobis
257 1287 377 1347 senibus
391 1307 429 1347 ex
438 1286 602 1347 lusionibus
616 1287 715 1347 multis
724 1288 799 1347 talos
813 1287 979 1363 relinquant
987 1299 1017 1348 et
1025 1299 1149 1348 tesseras
1154 1308 1164 1361 3

157 1384 189 1444 id
209 1385 307 1463 ipsum
328 1397 360 1445 ut
379 1384 502 1459 lubebit,
519 1383 662 1462 quoniam
685 1382 749 1444 sine
772 1383 816 1444 eis
834 1386 923 1444 beata
941 1403 1006 1445 esse
1026 1395 1163 1445 senectus

156 1495 262 1559 potest.

104 1580 142 1637 59
215 1583 318 1640 XVII.
362 1583 474 1641 Multas
494 1582 533 1641 ad
552 1600 598 1641 res
616 1580 755 1658 perutiles
770 1579 980 1658 Xenophontis
999 1578 1066 1641 libri
1085 1592 1162 1653 sunt,

158 1698 232 1754 quos
246 1678 334 1756 legite
349 1698 461 1755 quaeso
474 1678 615 1752 studiose,
631 1690 665 1738 ut
678 1677 782 1738 facitis.
825 1679 925 1752 Quam
939 1678 1059 1755 copiose
1073 1679 1111 1738 ab
1127 1698 1164 1737 eo
1180 1709 1205 1745 15

156 1774 218 1851 agri
231 1778 345 1835 cultura
359 1776 495 1834 laudatur
508 1774 539 1834 in
551 1794 587 1835 eo
599 1774 682 1847 libro,
694 1774 746 1851 qui
757 1785 800 1834 est
810 1775 849 1835 de
859 1776 970 1834 tuenda
979 1794 1010 1834 re
1018 1774 1160 1847 familiari,

158 1871 209 1947 qui
229 1870 449 1932 Oeconomicus
468 1870 648 1930 inscribitur!
682 1872 783 1947 Atque
801 1881 834 1929 ut
852 1870 1028 1946 intellegatis
1044 1869 1116 1928 nihil
1133 1868 1162 1931 ei

157 1977 218 2025 tam
232 1969 329 2043 regale
344 1965 437 2025 videri
452 1986 542 2044 quam
557 1967 689 2025 studium
707 1964 770 2042 agri
788 1965 917 2040 colendi,
932 1967 1066 2025 Socrates
1079 1965 1110 2023 in
1125 1985 1162 2026 eo

156 2064 232 2125 libro
241 2063 370 2141 loquitur
378 2064 725 2140 cumCritobuloCyrum
736 2064 883 2125 minorem
890 2068 1043 2125 Persarum
1052 2085 1160 2143 regem,

156 2172 354 2238 praestantem
368 2159 487 2237 ingenio
501 2172 591 2237 atque
602 2160 707 2236 imperi
717 2159 817 2238 gloria,
827 2180 897 2221 cum
910 2162 1060 2238 Lysander
1074 2165 1162 2221 Lacc-
1178 2196 1204 2222 ω

157 2257 340 2329 daemonius
352 2256 396 2317 vir
406 2249 541 2316 summae
552 2256 674 2328 virtutis,
684 2257 812 2317 venisset
826 2259 866 2317 ad
880 2277 947 2316 eum
962 2259 1060 2319 Sardis
1073 2259 1161 2335 eique

157 2352 238 2412 dona
251 2373 269 2412 a
283 2351 370 2412 sociis
389 2352 542 2425 attulisset,
556 2364 587 2413 et
605 2352 711 2413 ceteris
725 2353 756 2412 in
777 2355 864 2413 rebus
882 2341 1073 2415 cominunem
1093 2375 1162 2433 erga

158 2448 344 2524 Lysandrum
352 2459 442 2525 atque
453 2449 617 2507 humanum
628 2436 717 2509 fuisse
731 2460 761 2509 et
770 2448 797 2509 ei
808 2452 959 2525 quendam
967 2464 1161 2528 consaeptum

156 2565 258 2623 agrum
273 2546 427 2624 diligenter
445 2547 594 2608 consitum
610 2547 784 2609 ostendisse.
828 2550 906 2609 Cum
924 2560 1024 2609 autem
1039 2549 1162 2609 admira·

156 2652 234 2702 retur
255 2643 407 2719 Lysander
426 2655 454 2703 et
472 2644 662 2720 proceritates
681 2646 818 2704 arborum
838 2655 868 2704 et
886 2643 1015 2705 directos
1035 2644 1067 2704 in
1080 2645 1163 2721 quin
1177 2676 1202 2713 ις

156 2758 282 2799 cuncem
296 2738 416 2800 ordines
430 2752 460 2800 et
474 2741 598 2800 humum
613 2742 767 2800 subactam
775 2751 866 2817 atque
879 2760 983 2817 puram
997 2752 1027 2801 et
1040 2741 1162 2801 suavita·

156 2844 218 2895 tem
241 2836 368 2895 odorum
390 2835 441 2913 qui
463 2838 629 2897 afflarentur
653 2857 690 2897 ex
716 2836 845 2909 floribus,
868 2846 933 2896 tum
957 2856 1027 2897 eum
1053 2835 1162 2898 dixisse

156 2932 254 2992 mirari
268 2952 375 2993 senon
389 2935 481 2994 modo
495 2933 680 3010 diligentiam
700 2932 861 2995 sedetiam
878 2933 1039 2994 sollertiam
1057 2934 1121 2995 eius
1141 2955 1161 2995 a
1208 2973 1210 2976 -

156 3046 216 3104 quo
235 3040 334 3089 essent
350 3028 401 3088 illa
421 3028 557 3089 dimensa
577 3039 667 3106 atque
688 3028 828 3107 discripta
832 3053 842 3105 3
862 3040 892 3089 et
913 3031 1023 3106 Cyrum
1043 3049 1161 3106 respon·

156 3123 236 3185 disse
251 3124 349 3202 ‘atqui
364 3144 420 3203 ego
434 3124 490 3185 ista
503 3144 569 3185 sum
583 3124 685 3185 omnia
698 3124 860 3199 dimensus,
876 3126 935 3186 mei
950 3136 1019 3184 sunt
1032 3125 1161 3199 ordines,
1175 3157 1203 3195 ³0

156 3238 224 3279 mea
244 3220 396 3297 discriptio
401 3243 410 3296 ;
437 3223 547 3282 multae
567 3222 658 3282 etiam
679 3222 801 3283 istarum
822 3223 961 3283 arborum
981 3241 1049 3281 mea
1069 3242 1160 3283 manu

156 3328 224 3377 sunt
245 3320 344 3377 satae!
385 3320 463 3377 Tum
481 3320 675 3395 Lysandrum,
691 3318 857 3379 intuentem
873 3337 1032 3396 purpuram
1050 3318 1113 3378 eius
1131 3331 1161 3379 et

158 3412 283 3473 nitorem
297 3414 428 3489 corporis
442 3428 638 3490 ornatumque
647 3414 799 3474 Persicum
813 3417 907 3475 multo
915 3434 988 3475 auro
1001 3413 1161 3492 multisque
